@article{Romano2010,
author = {Romano, Jennifer C and Howard, James H and Howard, Darlene V},
doi = {10.1080/09658211003742680},
issn = {1464-0686},
journal = {Memory},
number = {4},
pages = {427--41},
pmid = {20408037},
title = {{One-year retention of general and sequence-specific skills in a probabilistic, serial reaction time task.}},
url = {http://www.pubmedcentral.nih.gov/articlerender.fcgi?artid=2894701{\&}tool=pmcentrez{\&}rendertype=abstract},
volume = {18},
year = {2010}
}

@article{Rozanov_2010,
author = {Rozanov, Simon and Keren, Ofer and Karni, Avi},
doi = {10.1016/j.brainres.2010.03.019},
issn = {1872-6240},
journal = {Brain Research},
month = {may},
pages = {80--7},
pmid = {20298683},
publisher = {Elsevier B.V.},
title = {{The specificity of memory for a highly trained finger movement sequence: Change the ending, change all}},
url = {http://www.ncbi.nlm.nih.gov/pubmed/20298683},
volume = {1331},
year = {2010}
}

@article{Dienes_1997,
author = {Dienes, Zolt{\'{a}}n and Berry, Dianne},
journal = {Psychonomic Bulletin {\&} Review},
number = {1},
pages = {3--23},
title = {{Implicit learning: Below the subjective threshold}},
volume = {4},
year = {1997}
}

@article{peirce2007psychopy,
  title={PsychoPyâ€”psychophysics software in Python},
  author={Peirce, Jonathan W},
  journal={Journal of neuroscience methods},
  volume={162},
  number={1},
  pages={8--13},
  year={2007},
  publisher={Elsevier}
}

@article{Buhrmester_2011,
author = {Buhrmester, M. and Kwang, T. and Gosling, S. D.},
doi = {10.1177/1745691610393980},
issn = {1745-6916},
journal = {Perspectives on Psychological Science},
keywords = {amazon,amazon mechanical turk,com,data collection,getting work done by,here,internet,is a novel,mturk,online,open online marketplace for,others,research methods,s mechanical turk,web,www},
month = {feb},
number = {1},
pages = {3--5},
title = {{Amazon's Mechanical Turk: A New Source of Inexpensive, Yet High-Quality, Data?}},
url = {http://pps.sagepub.com/lookup/doi/10.1177/1745691610393980},
volume = {6},
year = {2011}
}

@article{Bojinov_2014,
author = {Bojinov, Hristo and Sanchez, Daniel and Reber, Paul and Boneh, Dan and Lincoln, Patrick},
journal = {Communications of the ACM},
number = {5},
pages = {110--118},
title = {{Neuroscience Meets Cryptography: Crypto Primitives Secure Against Rubber Hose Attacks}},
volume = {57},
year = {2014}
}


@INCOLLECTION{Ashby1992,
  Author={Ashby, F. G.},
  Editor={Ashby, F. G.},
  Title={ Multidimensional models of categorization},
  Booktitle={Multidimensional models of perception and cognition},
  Pages={449--483},
  Publisher={Lawrence Erlbaum Associates, Inc.},
  Location={Hillsdale, NJ},
  Year={1992},
  Address={New York}
}

@book{Ashby2011,
  title={Statistical analysis of fMRI data},
  author={Ashby, F Gregory},
  year={2011},
  publisher={Cambridge, MA: MIT Press}
}

@Article{Ashby2014,
  Title                    = {Is state-trace analysis an appropriate tool for assessing the number of cognitive systems?},
  Author                   = {Ashby, F Gregory},
  Journal                  = {Psychonomic Bulletin \& Review},
  Year                     = {2014},
  Pages                    = {935--946},
  Volume                  = {21},
  Date-added               = {2014-09-28 20:28:44 +0000},
  Date-modified            = {2014-09-28 20:28:44 +0000},
  Publisher                = {Springer}
}

@incollection{Ashby2015,
   title={An introduction to fMRI},
   author = {Ashby, F Gregory},
   booktitle={An introduction to model-based cognitive neuroscience},
   editor={Forstmann, B. U. and Wagenmakers, E. J.},
   year={2015},
   pages={91-112},
   publisher={New York: Springer}
   }

@Article{AshbyCOVIS1998,
  Title                    = {A neuropsychological theory of multiple systems in category learning.},
  Author                   = {Ashby, F Gregory and Alfonso-Reese, Leola A and Turken, A U and Waldron, Elliott M},
  Journal                  = {Psychological Review},
  Year                     = {1998},
  Number                   = {3},
  Pages                    = {442--481},
  Volume                   = {105},
  Publisher                = {American Psychological Association}
}

@Article{AshbyCrossley2010,
  Title                    = {Interactions between declarative and procedural-learning categorization systems},
  Author                   = {Ashby, F Gregory and Crossley, Matthew J},
  Journal                  = {Neurobiology of Learning and Memory},
  Year                     = {2010},
  Number                   = {1},
  Pages                    = {1--12},
  Volume                   = {94},
  Date-added               = {2014-09-25 01:24:48 +0000},
  Date-modified            = {2014-09-25 01:24:48 +0000},
  Publisher                = {Elsevier}
}

@Article{AshbyCrossley2011,
  Title                    = {A computational model of how cholinergic interneurons protect striatal-dependent learning},
  Author                   = {Ashby, F Gregory and Crossley, Matthew J},
  Journal                  = {Journal of Cognitive Neuroscience},
  Year                     = {2011},
  Number                   = {6},
  Pages                    = {1549--1566},
  Volume                   = {23},
  Publisher                = {MIT Press}
}

@article{AshbyCrossley2012,
  title={Automaticity and multiple memory systems},
  author={Ashby, F Gregory and Crossley, Matthew J},
  journal={Wiley Interdisciplinary Reviews: Cognitive Science},
  volume={3},
  number={3},
  pages={363-376},
  year={2012},
  publisher={Wiley Online Library}
}

@article{AshbyFROST2005,
  title={FROST: A distributed neurocomputational model of working memory maintenance},
  author={Ashby, F Gregory and Ell, Shawn W and Valentin, Vivian V and Casale, Michael B},
  journal={Journal of Cognitive Neuroscience},
  volume={17},
  number={11},
  pages={1728--1743},
  year={2005},
  publisher={MIT Press}
}

@Article{AshbyEllWaldron2003,
  Title                    = {Procedural learning in perceptual categorization},
  Author                   = {Ashby, F Gregory and Ell, Shawn W and Waldron, Elliott M},
  Journal                  = {Memory \& Cognition},
  Year                     = {2003},
  Number                   = {7},
  Pages                    = {1114--1125},
  Volume                   = {31},
  Date-added               = {2014-09-25 01:25:38 +0000},
  Date-modified            = {2014-09-25 01:25:38 +0000},
  Publisher                = {Springer}
}

@Article{AshbyEnnis2006,
  Title                    = {The role of the basal ganglia in category learning},
  Author                 = {Ashby, F Gregory and Ennis, John M},
  Journal                = {Psychology of Learning and Motivation},
  Year                     = {2006},
  Pages                   = {1--36},
  Volume                 = {46},
  Date-added           = {2014-09-25 01:25:57 +0000},
  Date-modified       = {2014-09-25 01:25:57 +0000}
}

@Article{AshbyEnnisSpiering2007,
  Title                    = {A neurobiological theory of automaticity in perceptual categorization},
  Author                   = {Ashby, F Gregory and Ennis, John M and Spiering, Brian J},
  Journal                  = {Psychological Review},
  Year                     = {2007},
  Number                  = {3},
  Pages                    = {632--656},
  Volume                   = {114},
  Publisher                = {American Psychological Association}
}

@Article{AshbyGott1988,
  Title                    = {Decision rules in the perception and categorization of multidimensional stimuli},
  Author                   = {F. Gregory Ashby and R. E. Gott},
  Journal                  = {Journal of Experimental Psychology: Learning, Memory, and Cognition},
  Year                     = {1988},
  Pages                    = {33-53},
  Volume                   = {14}
}

@Article{AshbyHelie2011,
  Title                    = {A tutorial on computational cognitive neuroscience: Modeling the neurodynamics of cognition},
  Author                   = {F. Gregory Ashby and Sebastien Helie},
  Journal                  = {Journal of Mathematical Psychology},
  Year                     = {2011},
  Number                   = {4},
  Pages                    = {273-289},
  Volume                   = {55},
  Bdsk-url-1               = {http://dx.doi.org/10.1016/j.jmp.2011.04.003},
  Doi                      = {http://dx.doi.org/10.1016/j.jmp.2011.04.003},
  ISSN                     = {0022-2496},
  Keywords                 = {Neuroscience}
}

@Article{AshbyIsenTurken1999l,
  Title                    = {A neuropsychological theory of positive affect and its influence on cognition.},
  Author                   = {Ashby, F Gregory and Isen, Alice M and Turken, A},
  Journal                  = {Psychological Review},
  Year                     = {1999},
  Number                   = {3},
  Pages                    = {529-550},
  Volume                   = {106},
  Date-added               = {2014-09-25 01:24:13 +0000},
  Date-modified            = {2014-09-25 01:24:13 +0000},
  Publisher                = {American Psychological Association}
}

@article{AshbyLee1993,
  title={Perceptual variability as a fundamental axiom of perceptual science},
  author={Ashby, F Gregory and Lee, W William},
  journal={Advances in Psychology},
  volume={99},
  pages={369--399},
  year={1993},
  publisher={Elsevier}
}

@article{AshbyMaddox1990,
  title={Integrating information from separable psychological dimensions.},
  author={Ashby, F Gregory and Maddox, W Todd},
  journal={Journal of Experimental Psychology: Human Perception and Performance},
  volume={16},
  number={3},
  pages={598-612},
  year={1990},
  publisher={American Psychological Association}
}

@article{AshbyMaddox1992,
  title={Complex decision rules in categorization: contrasting novice and experienced performance.},
  author={Ashby, F Gregory and Maddox, W Todd},
  journal={Journal of Experimental Psychology: Human Perception and Performance},
  volume={18},
  number={1},
  pages={50-71},
  year={1992},
  publisher={American Psychological Association}
}

@Article{AshbyMaddox2010,
  Title                    = {Human category learning 2.0},
  Author                   = {F. G. Ashby and W. T. Maddox},
  Journal                  = {Annals of the New York Academy of Sciences},
  Year                     = {2010},
  Pages                    = {147-161},
  Volume                   = {1224}
}

@Article{AshbyMaddox2005,
  Title                    = {Human category learning},
  Author                   = {F. G. Ashby and W. T. Maddox},
  Journal                  = {Annual Review of Psychology},
  Year                     = {2005},
  Pages                    = {149-178},
  Volume                   = {56}
}

@Article{AshbyMaddoxBohil2002,
  Title                    = {Observational versus feedback training in rule-based and information-integration category learning},
  Author                   = {F. G. Ashby and W. T Maddox and C. J. Bohil},
  Journal                  = {Memory \& Cognition},
  Year                     = {2002},
  Pages                    = {666-677},
  Volume                   = {30}
}

@Article{AshbyOBrien2005,
  Title                    = {Category learning and multiple memory systems},
  Author                   = {F. G. Ashby and J. B. O'Brien},
  Journal                  = {{TRENDS} in Cognitive Science},
  Year                     = {2005},
  Pages                    = {83-89},
  Volume                   = {2}
}

@INCOLLECTION{AshbyPaulMaddox2011,
  Author={F. G. Ashby and E. J. Paul and W. T. Maddox},
  Editor={E. M. Pothos and A.J. Wills},
  Title={{COVIS}},
  Booktitle={Formal approaches in categorization},
  Pages={65--87},
  Publisher={Cambridge University Press},
  Year={2011},
  Address={New York},
}

@article{AshbyQuellerBerretty1999,
  title={On the dominance of unidimensional rules in unsupervised categorization},
  author={Ashby, F Gregory and Queller, Sarah and Berretty, Patricia M},
  journal={Perception \& Psychophysics},
  volume={61},
  number={6},
  pages={1178--1199},
  year={1999},
  publisher={Springer}
}

@incollection{AshbyValentin2007,
  title={Computational cognitive neuroscience: Building and testing biologically plausible computational models of neuroscience, neuroimaging, and behavioral data},
  author={Ashby, F Gregory and Valentin, Vivian V},
    pages={15--58},
  booktitle={Statistical and process models for cognitive neuroscience and aging},
  editor={Wenger, M J and Schuster, C},
 publisher={Mahwah, NJ: Erlbaum},
  year={2007}
}

@incollection{AshbyValentin2016a,
  Author={Ashby, F Gregory and Valentin, Vivian V},
  Editor={H. Cohen and C. Lefebvre},
  Title={Multiple systems of perceptual category learning: Theory and cognitive tests},
  Booktitle={Handbook of categorization in cognitive science, Second Edition},
  Pages={?},
  Publisher={Elsevier},
  Year={in press},
  Address={New York},
}

@incollection{AshbyValentin2016b,
  Author={Ashby, F Gregory and Valentin, Vivian V},
   Title={The categorization experiment: {Experimental} design and data analysis},
  Booktitle={The Stevens' handbook of experimental psychology and cognitive neuroscience: {Volume} 4, methodology, {Fourth} edition},
   Editor={Wixted, John and Wagenmakers, E. J.},
  Pages={in press},
  Publisher={New York: Wiley}
}

@article{AshbyVucovich2016,
  title={The role of feedback contingency in perceptual category learning},
  author={Ashby, F Gregory and Vucovich, Lauren E},
  journal={Journal of Experimental Psychology: Learning, Memory, and Cognition},
  volume={?},
  number={?},
  pages={?},
  year={in press},
  publisher={?}
}

@Article{AshbyWaldron1999,
  Title                    = {On the nature of implicit categorization},
  Author                   = {Ashby, F Gregory and Waldron, Elliott M},
  Journal                  = {Psychonomic Bulletin \& Review},
  Year                     = {1999},
  Number                   = {3},
  Pages                    = {363--378},
  Volume                   = {6},
  Publisher                = {Springer}
}

@Article{AshbyWaldronLeeBerkman2001,
  Title                    = {Suboptimality in human categorization and identification.},
  Author                   = {Ashby, F Gregory and Waldron, Elliott M and Lee, W William and Berkman, Amelia},
  Journal                  = {Journal of Experimental Psychology: General},
  Year                     = {2001},
  Number                   = {1},
  Pages                    = {77--96},
  Volume                   = {130},
  Date-added               = {2014-09-25 01:27:25 +0000},
  Date-modified            = {2014-09-25 01:27:25 +0000},
  Publisher                = {American Psychological Association}
}

@article{AshbyWaldschmidt2008,
  title={Fitting computational models to fMRI data},
  author={Ashby, F Gregory and Waldschmidt, Jennifer G},
  journal={Behavior Research Methods},
  volume={40},
  number={3},
  pages={713--721},
  year={2008},
  publisher={Springer}
}

@Article{BadgaiyanEtAl2007,
  Title                    = {Striatal dopamine release in sequential learning},
  Author                   = {R. D. Badgaiyan and A. J. Fischman and N. M. Alpert},
  Journal                  = {Neuroimage},
  Year                     = {2007},
  Pages                    = {549-556},
  Volume                   = {38}
}

@article{BadreEtAl2010,
  title={Frontal cortex and the discovery of abstract action rules},
  author={Badre, David and Kayser, Andrew S and D'Esposito, Mark},
  journal={Neuron},
  volume={66},
  number={2},
  pages={315-326},
  year={2010},
  publisher={Elsevier}
}

@Article{BalleineDickinson1998,
  Title                    = {Goal-directed instrumental action: contingency and incentive learning and their cortical substrates},
  Author                   = {Balleine, Bernard W and Dickinson, Anthony},
  Journal                  = {Neuropharmacology},
  Year                     = {1998},
  Number                   = {4},
  Pages                    = {407-419},
  Volume                   = {37},
  Date-added               = {2014-09-28 20:35:41 +0000},
  Date-modified            = {2014-09-28 20:35:41 +0000},
  Publisher                = {Elsevier}
}

@article{BarcikowskiRobey1985,
  title={Sample Size Selection In Single Group Repeated Measures Analysis.},
  author={Barcikowski, Robert S and Robey, Randall R},
  year={1985},
  publisher={ERIC}
}

@article{Baudonnat2013,
  title={Heads for learning, tails for memory: reward, reinforcement and a role of dopamine in determining behavioral relevance across multiple timescales},
  author={Baudonnat, Mathieu and Huber, Anna and David, Vincent and Walton, Mark E},
  journal={Frontiers in Neuroscience},
  volume={7},
  number={175},
  year={2013},
  URL={http://www.frontiersin.org/decision_neuroscience/10.3389/fnins.2013.00175/abstract},       
  DOI={10.3389/fnins.2013.00175}   
}

@Article{BayerGlimcher2005,
  Title                    = {Midbrain dopamine neurons encode a quantitative reward prediction error signal},
  Author                   = {Bayer, Hannah M and Glimcher, Paul W},
  Journal                  = {Neuron},
  Year                     = {2005},
  Number                   = {1},
  Pages                    = {129-141},
  Volume                   = {47},
  Publisher                = {Elsevier}
}

@article{BayerLauGlimcher2007,
  title={Statistics of midbrain dopamine neuron spike trains in the awake primate},
  author={Bayer, Hannah M and Lau, Brian and Glimcher, Paul W},
  journal={Journal of Neurophysiology},
  volume={98},
  number={3},
  pages={1428--1439},
  year={2007},
  publisher={Am Physiological Soc}
}

@incollection{BearLinden2001,
  title={The mechanisms and meaning of long-term synaptic depression in the mammalian brain},
  author={Bear, MF and Linden, DJ},
  pages={455--517},
  booktitle={Synapses},
  editor={Cowan, WM and Sudhof, TC and Stevens, CF},
  publisher={Johns Hopkins University Press},
  location={Baltimore, MD},
  year={2001}
}

@book{BeckersEtAl2007,
  title={Human contingency learning: Recent trends in research and theory},
  author={Beckers, Tom and De Houwer, Jan and Matute, Helena},
  year={2007},
  publisher={Psychology Press}
}

@Book{beilock2010,
  Title                    = {Choke: What the secrets of the brain reveal about getting it right when you have to},
  Author                   = {Beilock, Sian},
  Publisher                = {Simon and Schuster},
  Year                     = {2010}
}

@Article{beilock2001fragility,
  Title                    = {On the fragility of skilled performance: What governs choking under pressure?},
  Author                   = {Beilock, Sian L and Carr, Thomas H},
  Journal                  = {Journal of Experimental Psychology: General},
  Year                     = {2001},
  Number                   = {4},
  Pages                    = {701-725},
  Volume                   = {130},
  Publisher                = {American Psychological Association}
}

@article{Bench1993,
  title={Investigations of the functional anatomy of attention using the Stroop test},
  author={Bench, ClJ and Frith, CD and Grasby, PM and Friston, KJ and Paulesu, E and Frackowiak, RSJ and Dolan, RJ},
  journal={Neuropsychologia},
  volume={31},
  number={9},
  pages={907--922},
  year={1993},
  publisher={Elsevier}
}

@article{BhallaBower1993,
  title={Exploring parameter space in detailed single neuron models: simulations of the mitral and granule cells of the olfactory bulb},
  author={Bhalla, Upinder S and Bower, James M},
  journal={Journal of Neurophysiology},
  volume={69},
  number={6},
  pages={1948--1965},
  year={1993},
  publisher={Am Physiological Soc}
}

@article{BiPoo2001,
  title={Synaptic modification by correlated activity: Hebb's postulate revisited},
  author={Bi, Guo-qiang and Poo, Mu-ming},
  journal={Annual Review of Neuroscience},
  volume={24},
  number={1},
  pages={139--166},
  year={2001},
  publisher={Annual Reviews 4139 El Camino Way, PO Box 10139, Palo Alto, CA 94303-0139, USA}
}

@article{Boakes1973,
  title={Response decrements produced by extinction and by response-independent reinforcement},
  author={Boakes, Robert A},
  journal={Journal of the Experimental Analysis of Behavior},
  volume={19},
  number={2},
  pages={293-302},
  year={1973},
  publisher={Wiley Online Library}
}

@article{BogaczEtAl2007,
  title={Extending a biologically inspired model of choice: multi-alternatives, nonlinearity and value-based multidimensional choice},
  author={Bogacz, Rafal and Usher, Marius and Zhang, Jiaxiang and McClelland, James L},
  journal={Philosophical Transactions of the Royal Society of London B: Biological Sciences},
  volume={362},
  number={1485},
  pages={1655--1670},
  year={2007},
  publisher={The Royal Society}
}

@article{BogaczEtAl2010,
  title={The neural basis of the speed--accuracy tradeoff},
  author={Bogacz, Rafal and Wagenmakers, Eric-Jan and Forstmann, Birte U and Nieuwenhuis, Sander},
  journal={Trends in Neurosciences},
  volume={33},
  number={1},
  pages={10--16},
  year={2010},
  publisher={Elsevier}
}

@Article{BohilWismer2015,
  Title                    = {Implicit learning mediates base rate acquisition in perceptual categorization},
  Author                   = {Bohil, Corey J and Wismer, Andrew J},
  Journal                  = {Psychonomic Bulletin \& Review},
  Year                     = {2015},
  Pages                    = {586-593},
 Volume                   = {22},
  Publisher                = {Springer}
}

@article{BowerTrabasso1963,
  title={Reversals prior to solution in concept identification.},
  author={Bower, Gordon and Trabasso, Thomas},
  journal={Journal of Experimental Psychology},
  volume={66},
  number={4},
  pages={409-418},
  year={1963},
  publisher={American Psychological Association}
}

@article{BoyntonEngelGloverHeeger1996,
  title={Linear systems analysis of functional magnetic resonance imaging in human V1},
  author={Boynton, Geoffrey M and Engel, Stephen A and Glover, Gary H and Heeger, David J},
  journal={The Journal of Neuroscience},
  volume={16},
  number={13},
  pages={4207--4221},
  year={1996},
  publisher={Soc Neuroscience}
}

@Article{Brainard1997,
  Title                    = {The psychophysics toolbox},
  Author                   = {Brainard, David H},
  Journal                  = {Spatial Vision},
  Year                     = {1997},
  Pages                    = {433--436},
  Volume                   = {10},
  Date-added               = {2014-09-25 02:25:23 +0000},
  Date-modified            = {2014-09-25 02:25:23 +0000},
  Publisher                = {VSP}
}

@article{Behrens2007,
  title={Learning the value of information in an uncertain world},
  author={Behrens, Timothy EJ and Woolrich, Mark W and Walton, Mark E and Rushworth, Matthew FS},
  journal={Nature neuroscience},
  volume={10},
  number={9},
  pages={1214--1221},
  year={2007},
  publisher={Nature Publishing Group}
}

@article{Bromberg-Martin2010,
  title={Dopamine in motivational control: rewarding, aversive, and alerting},
  author={Bromberg-Martin, Ethan S and Matsumoto, Masayuki and Hikosaka, Okihide},
  journal={Neuron},
  volume={68},
  number={5},
  pages={815--834},
  year={2010},
  publisher={Elsevier}
}

@Article{BrownMarsden1988,
  Title                    = {Internal versus external cues and the control of attention in Parkinson's disease},
  Author                   = {Brown, R G and Marsden, C D},
  Journal                  = {Brain},
  Year                     = {1988},
  Number                   = {2},
  Pages                    = {323-345},
  Volume                   = {111},
  Date-added               = {2014-09-25 02:25:41 +0000},
  Date-modified            = {2014-09-25 02:25:41 +0000},
  Publisher                = {Oxford Univ Press}
}

@article{BungeZelazo2006,
  title={A brain-based account of the development of rule use in childhood},
  author={Bunge, Silvia A and Zelazo, Philip David},
  journal={Current Directions in Psychological Science},
  volume={15},
  number={3},
  pages={118-121},
  year={2006},
  publisher={SAGE Publications}
}

@Article{BushMosteller1951,
  Title                    = {A model for stimulus generalization and discrimination},
  Author                   = {Bush, Robert R and Mosteller, Frederick},
  Journal                  = {Psychological Review},
  Year                     = {1951},
  Number                   = {6},
  Pages                    = {413-423},
  Volume                   = {58},
  Publisher                = {American Psychological Association}
}

@Article{CantwellCrossleyAshby2015,
   title={Multiple stages of learning in perceptual categorization: Evidence and neurocomputational theory},
  author={Cantwell, George and Crossley, Matthew J and Ashby, F Gregory},
  journal={Psychonomic Bulletin \& Review},
  volume={22},
  number={6},
  pages={1598--1613},
  year={2015},
  publisher={Springer}
}

@article{CasaleRoederAshby2012,
  title={Analogical transfer in perceptual categorization},
  author={Casale, Michael B and Roeder, Jessica L and Ashby, F Gregory},
  journal={Memory \& Cognition},
  volume={40},
  number={3},
  pages={434--449},
  year={2012},
  publisher={Springer}
}

@book{Chen1970,
  title={Introduction to linear system theory},
  author={Chen, Chi-Tsong},
  year={1970},
  publisher={New York: Holt, Rinehart and Winston}
}

@article{Chib2009,
  title={Evidence for a common representation of decision values for dissimilar goods in human ventromedial prefrontal cortex},
  author={Chib, Vikram S and Rangel, Antonio and Shimojo, Shinsuke and O'Doherty, John P},
  journal={The Journal of Neuroscience},
  volume={29},
  number={39},
  pages={12315--12320},
  year={2009},
  publisher={Soc Neuroscience}
}

@article{ChristoffEtAl2009,
  title={Prefrontal organization of cognitive control according to levels of abstraction},
  author={Christoff, Kalina and Keramatian, Kamyar and Gordon, Alan M and Smith, Rachelle and M{\"a}dler, Burkhard},
  journal={Brain Research},
  volume={1286},
  pages={94-105},
  year={2009},
  publisher={Elsevier}
}

@article{Chudasama2013,
  title={The role of the anterior cingulate cortex in choices based on reward value and reward contingency},
  author={Chudasama, Yogita and Daniels, Teresa E and Gorrin, Daniel P and Rhodes, Sarah EV and Rudebeck, Peter H and Murray, Elisabeth A},
  journal={Cerebral Cortex},
  volume={23},
  number={12},
  pages={2884--2898},
  year={2013},
  publisher={Oxford Univ Press}
}

@Article{CincottaSeger2007,
  Title                    = {Dissociation between striatal regions while learning to categorize via feedback and via observation},
  Author                   = {Cincotta, Corinna M and Seger, Carol A},
  Journal                  = {Journal of Cognitive Neuroscience},
  Year                     = {2007},
  Number                   = {2},
  Pages                    = {249-265},
  Volume                   = {19},
  Publisher                = {MIT Press}
}

@Article{Clerc2012,
  Title                    = {Standard particle swarm optimisation},
  Author                   = {Clerc, Maurice},
  Journal                  = {Open access archive HAL},
  Year                     = {2012}
}

@article{CohenBraverOReilly1996,
  title={A computational approach to prefrontal cortex, cognitive control and schizophrenia: Recent developments and current challenges},
  author={Cohen, Jonathan D and Braver, Todd S and O'Reilly, Randall C},
  journal={Philosophical Transactions of the Royal Society of London B: Biological Sciences},
  volume={351},
  number={1346},
  pages={1515--1527},
  year={1996},
  publisher={The Royal Society}
}

@article{CohenServanSchreiber1992,
  title={Context, cortex, and dopamine: a connectionist approach to behavior and biology in schizophrenia.},
  author={Cohen, Jonathan D and Servan-Schreiber, David},
  journal={Psychological Review},
  volume={99},
  number={1},
  pages={45--77},
  year={1992},
  publisher={American Psychological Association}
}

@article{Cohen2012,
  title={Neuron-type-specific signals for reward and punishment in the ventral tegmental area},
  author={Cohen, Jeremiah Y and Haesler, Sebastian and Vong, Linh and Lowell, Bradford B and Uchida, Naoshige},
  journal={Nature},
  volume={482},
  number={7383},
  pages={85--88},
  year={2012},
  publisher={Nature Publishing Group}
}

@article{Corbit2002,
  title={Sensitivity to instrumental contingency degradation is mediated by the entorhinal cortex and its efferents via the dorsal hippocampus},
  author={Corbit, Laura H and Ostlund, Sean B and Balleine, Bernard W},
  journal={The Journal of neuroscience},
  volume={22},
  number={24},
  pages={10976--10984},
  year={2002},
  publisher={Soc Neuroscience}
}

@article{Cotton1971,
  title={A sequence-specific concept identification model: Infra-structure for the Bower and Trabasso theory},
  author={Cotton, John W},
  journal={Journal of Mathematical Psychology},
  volume={8},
  number={3},
  pages={333-369},
  year={1971},
  publisher={Elsevier}
}

@Article{coutureau2003inactivation,
  Title                    = {Inactivation of the infralimbic prefrontal cortex reinstates goal-directed responding in overtrained rats},
  Author                   = {Coutureau, Etienne and Killcross, Simon},
  Journal                  = {Behavioural Brain Research},
  Year                     = {2003},
  Number                   = {1},
  Pages                    = {167-174},
  Volume                   = {146},
  Date-added               = {2014-09-28 20:36:16 +0000},
  Date-modified            = {2014-09-28 20:36:16 +0000},
  Publisher                = {Elsevier}
}

@Article{CrossleyAshbyInPress,
  Title                    = {Procedural learning during declarative control},
  Author                   = {Crossley, Matthew J and Ashby, F Gregory},
  Journal                  = {Journal of Experimental Psychology: Learning, Memory, \& Cognition},
  Year                     = {in press}
}

@Article{CrossleyAshbyMaddox2013,
  Title                    = {Erasing the engram: The unlearning of procedural skills.},
  Author                   = {Crossley, Matthew J and Ashby, F Gregory and Maddox, W Todd},
  Journal                  = {Journal of Experimental Psychology: General},
  Year                     = {2013},
  Number                   = {3},
  Pages                    = {710--741},
  Volume                   = {142},

  Publisher                = {American Psychological Association}
}

@article{CrossleyAshbyMaddox2014,
  title={Context-dependent savings in procedural category learning},
  author={Crossley, Matthew J and Ashby, F Gregory and Maddox, W Todd},
  journal={Brain and Cognition},
  volume={92},
  pages={1--10},
  year={2014},
  publisher={Elsevier}
}

@Article{CrossleyMadsenAshby2012,
  Title                    = {Procedural learning of unstructured categories},
  Author                   = {Crossley, Matthew J and Madsen, Nils R and Ashby, F Gregory},
  Journal                  = {Psychonomic Bulletin \& Review},
  Year                     = {2012},
  Number                   = {6},
  Pages                    = {1202-1209},
  Volume                   = {19},
  Publisher                = {Springer}
}

@Article{CrossleyDTBS2016,
  Title                  = {Declarative strategies persist under increased cognitive load},
  Author              = {Crossley, Matthew J and Paul, Erick J and Roeder, Jessica L and Ashby, F Gregory},
  Journal             = {Psychonomic Bulletin \& Review},
  Year                  = {2016},
  Volume			= {23},
  Pages			= {213-222}
}

@article{Crossman1959,
  title={A theory of the acquisition of speed-skill},
  author={Crossman, E R F W},
  journal={Ergonomics},
  volume={2},
  number={2},
  pages={153-166},
  year={1959},
  publisher={Taylor \& Francis}
}

@Article{dagher2001role,
  Title                    = {The role of the striatum and hippocampus in planning A PET activation study in Parkinson's disease},
  Author                   = {Dagher, Alain and Owen, Adrian M and Boecker, Henning and Brooks, David J},
  Journal                  = {Brain},
  Year                     = {2001},
  Number                   = {5},
  Pages                    = {1020-1032},
  Volume                   = {124},
  Publisher                = {Oxford Univ Press}
}

@book{DayanAbbott2001,
    title={Theoretical neuroscience: Computational and mathematical modeling of neural systems},
    author={Dayan, P. and Abbott, L. F.},
    year={2001},
    publisher={Cambridge, MA: MIT Press}
}

@article{Diekhof2012,
  title={The role of the human ventral striatum and the medial orbitofrontal cortex in the representation of reward magnitude--an activation likelihood estimation meta-analysis of neuroimaging studies of passive reward expectancy and outcome processing},
  author={Diekhof, Esther Kristina and Kaps, Lisa and Falkai, Peter and Gruber, Oliver},
  journal={Neuropsychologia},
  volume={50},
  number={7},
  pages={1252--1266},
  year={2012},
  publisher={Elsevier}
}

@article{Doya2007,
  title={Reinforcement learning: Computational theory and biological mechanisms},
  author={Doya, Kenji},
  journal={HFSP Journal},
  volume={1},
  pages={30--40},
  year={2007},
  publisher={Taylor \& Francis}
}

@article{Doya2000,
  title={Complementary roles of basal ganglia and cerebellum in learning and motor control},
  author={Doya, Kenji},
  journal={Current Opinion in Neurobiology},
  volume={10},
  number={6},
  pages={732--739},
  year={2000},
  publisher={Elsevier}
}

@Article{dunn2012effect,
  Title                    = {The effect of feedback delay and feedback type on perceptual category learning: the limits of multiple systems},
  Author                   = {Dunn, John C and Newell, Ben R and Kalish, Michael L},
  Journal                  = {Journal of Experimental Psychology: Learning, Memory, and Cognition},
  Year                     = {2012},
  Number                   = {4},
  Pages                    = {840-859},
  Volume                   = {38},
  Publisher                = {American Psychological Association}
}

@article{Dyson2004,
  title={A meeting with {Enrico Fermi}},
  author={Dyson, Freeman},
  journal={Nature},
  volume={427},
  number={6972},
  pages={297--297},
  year={2004},
  publisher={Nature Publishing Group}
}

@Book{EichenbaumCohen2001,
  Title                    = {From conditioning to conscious recollection: {Memory} systems of the brain},
  Author                 = {Eichenbaum, Howard and Cohen, Neal J},
  Publisher            = {New York: Oxford University Press},
  Year                    = {2001},
}

@incollection{Eichenbaum2016,
  title={How Does the Hippocampus Support the Spatial and Temporal Attributes of Memory?},
  author={Eichenbaum, Howard and Komorowski, Robert and MacDonald, Christopher J and Kraus, Benjamin J and Robitsek, Jonathan},
  booktitle={The Neurobiological Basis of Memory},
  pages={39--57},
  year={2016},
  publisher={Springer}
}

@article{EllAshby2006,
  title={The effects of category overlap on information-integration and rule-based category learning},
  author={Ell, Shawn W and Ashby, F Gregory},
  journal={Perception \& Psychophysics},
  volume={68},
  number={6},
  pages={1013-1026},
  year={2006},
  publisher={Springer}
}

@Article{EllAshby2012,
  Title                    = {The impact of category separation on unsupervised categorization},
  Author                   = {Ell, Shawn W and Ashby, F Gregory},
  Journal                  = {Attention, Perception \& Psychophysics},
  Year                     = {2012},
  Pages                    = {466-475},
  Volume                   = {74}
}

@Article{EllIngMaddox2009,
  Title                    = {Critrial noise effects on rule-based category learning: The impact of delayed feedback},
  Author                   = {Ell, Shawn W and Ing, A David and Maddox, W Todd},
  Journal                  = {Attention, Perception, \& Psychophysics},
  Year                     = {2009},
  Number                   = {6},
  Pages                    = {1263-1275},
  Volume                   = {71},

  Publisher                = {Springer}
}

@Article{Erickson2008,
  Title                    = {Executive attention and task switching in category learning: Evidence for stimulus-dependent representation},
  Author                   = {Erickson, Michael A},
  Journal                  = {Memory \& Cognition},
  Year                     = {2008},
  Number                   = {4},
  Pages                    = {749-761},
  Volume                   = {36},
  Date-added               = {2014-09-25 02:27:42 +0000},
  Date-modified            = {2014-09-25 02:27:42 +0000},
  Publisher                = {Springer}
}

@Article{EricksonKruschke1998,
  Title                    = {Rules and exemplars in category learning},
  Author                   = {Erickson, Michael A and Kruschke, John K},
  Journal                  = {Journal of Experimental Psychology: General},
  Year                     = {1998},
  Number                   = {2},
  Pages                    = {107-140},
  Volume                   = {127},
  Publisher                = {American Psychological Association}
}

@article{Ericsson10000Hours,
  title={The role of deliberate practice in the acquisition of expert performance.},
  author={Ericsson, K Anders and Krampe, Ralf T and Tesch-R{\"o}mer, Clemens},
  journal={Psychological Review},
  volume={100},
  number={3},
  pages={363-406},
  year={1993},
  publisher={American Psychological Association}
}

@Article{Ermentrout1986,
  Title                    = {Parabolic bursting in an excitable system coupled with a slow oscillation},
  Author                   = {Ermentrout, GB and Kopell, N},
  Journal                  = {SIAM Journal on Applied Mathematics},
  Year                     = {1986},
  Number                   = {2},
  Pages                    = {233-253},
  Volume                   = {46},
  Publisher                = {SIAM}
}

@article{Ermentrout1996,
  title={Type I membranes, phase resetting curves, and synchrony},
  author={Ermentrout, G Bard},
  journal={Neural Computation},
  volume={8},
  number={5},
  pages={979--1001},
  year={1996},
  publisher={MIT Press}
}

@book{ErmentroutTerman2010,
  title={Mathematical foundations of neuroscience},
  author={Ermentrout, G Bard and Terman, David H},
  year={2010},
  publisher={New York: Springer Science \& Business Media}
}


@article{Estes1950,
  title={Toward a statistical theory of learning},
  author={Estes, William K},
  journal={Psychological Review},
  volume={57},
  number={2},
  pages={94--107},
  year={1950},
  publisher={American Psychological Association}
}

@article{Eshel2015,
  title={Arithmetic and local circuitry underlying dopamine prediction errors},
  author={Eshel, Neir and Bukwich, Michael and Rao, Vinod and Hemmelder, Vivian and Tian, Ju and Uchida, Naoshige},
  journal={Nature},
  year={2015},
  publisher={Nature Publishing Group}
}

@article{Estes1964,
  title={All-or-none processes in learning and retention.},
  author={Estes, WK},
  journal={American Psychologist},
  volume={19},
  number={1},
  pages={16-25},
  year={1964},
  publisher={American Psychological Association}
}

@article{Estes1986,
  title={Array models for category learning},
  author={Estes, William K},
  journal={Cognitive Psychology},
  volume={18},
  number={4},
  pages={500-549},
  year={1986},
  publisher={Elsevier}
}

@article{EstesEtAl1989,
  title={Base-rate effects in category learning: A comparison of parallel network and memory storage-retrieval models.},
  author={Estes, William K and Campbell, Jane A and Hatsopoulos, Nicholas and Hurwitz, Joshua B},
  journal={Journal of Experimental Psychology: Learning, Memory, and Cognition},
  volume={15},
  number={4},
  pages={556-571},
  year={1989},
  publisher={American Psychological Association}
}

@article{Faget2016,
  title={Afferent Inputs to Neurotransmitter-Defined Cell Types in the Ventral Tegmental Area},
  author={Faget, Lauren and Osakada, Fumitaka and Duan, Jinyi and Ressler, Reed and Johnson, Alexander B and Proudfoot, James A and Yoo, Ji Hoon and Callaway, Edward M and Hnasko, Thomas S},
  journal={Cell Reports},
  year={2016},
  publisher={Elsevier}
}

@article{Falmagne1970,
  title={Construction of a hypothesis model for concept identification},
  author={Falmagne, Rachel},
  journal={Journal of Mathematical Psychology},
  volume={7},
  number={1},
  pages={60-96},
  year={1970},
  publisher={Elsevier}
}

@article{FaulEtAl2007,
  title={G* Power 3: A flexible statistical power analysis program for the social, behavioral, and biomedical sciences},
  author={Faul, Franz and Erdfelder, Edgar and Lang, Albert-Georg and Buchner, Axel},
  journal={Behavior Research Methods},
  volume={39},
  number={2},
  pages={175-191},
  year={2007},
  publisher={Springer}
}

@article{FeenstraBotterblom1996,
  title={Rapid sampling of extracellular dopamine in the rat prefrontal cortex during food consumption, handling and exposure to novelty},
  author={Feenstra, Matthijs GP and Botterblom, Margriet HA},
  journal={Brain Research},
  volume={742},
  number={1},
  pages={17--24},
  year={1996},
  publisher={Elsevier}
}

@article{Feldman2009,
  title={Synaptic mechanisms for plasticity in neocortex},
  author={Feldman, Daniel E},
  journal={Annual Review of Neuroscience},
  volume={32},
  pages={33--55},
  year={2009},
  publisher={NIH Public Access}
}

@Article{FiloteoLauritzenMaddox2010,
  Title                    = {Removing the frontal lobes: The effects of engaging executive functions on perceptual category learning},
  Author                   = {Filoteo, J Vincent and Lauritzen, Scott and Maddox, W Todd},
  Journal                  = {Psychological Science},
  Year                     = {2010},
  Number                   = {3},
  Pages                    = {415-423},
  Volume                   = {21},
  Publisher                = {Sage Publications}
}

@Article{FiloteoMaddoxSalmonSong2005,
  Title                    = {Information-integration category learning in patients with striatal dysfunction},
  Author                   = {Filoteo, J Vincent and Maddox, W Todd and Salmon, David P and Song, David D},
  Journal                  = {Neuropsychology},
  Year                     = {2005},
  Number                   = {2},
  Pages                    = {212-222},
  Volume                   = {19},
  Date-added               = {2014-09-25 02:29:06 +0000},
  Date-modified            = {2014-09-25 02:29:06 +0000},
  Publisher                = {American Psychological Association}
}

@Article{FiloteoEtAl2007,
  Title                    = {Characterizing rule-based category learning deficits in patients with Parkinson's disease},
  Author                   = {Filoteo, J Vincent and Maddox, W Todd and Song, David D and others},
  Journal                  = {Neuropsychologia},
  Year                     = {2007},
  Number                   = {2},
  Pages                    = {305--320},
  Volume                   = {45},

  Date-added               = {2014-09-25 02:28:41 +0000},
  Date-modified            = {2014-09-25 02:28:41 +0000},
  Publisher                = {Elsevier}
}

@article{FitzHugh1961,
  title={Impulses and physiological states in theoretical models of nerve membrane},
  author={FitzHugh, Richard},
  journal={Biophysical Journal},
  volume={1},
  number={6},
  pages={445--466},
  year={1961},
  publisher={The Biophysical Society}
}

@article{FlowersRobertson1985,
  title={The effect of Parkinson's disease on the ability to maintain a mental set.},
  author={Flowers, KA and Robertson, C},
  journal={Journal of Neurology, Neurosurgery \& Psychiatry},
  volume={48},
  number={6},
  pages={517-529},
  year={1985},
  publisher={BMJ Publishing Group Ltd}
}

@Article{foerde2006modulation,
  Title                    = {Modulation of competing memory systems by distraction},
  Author                   = {Foerde, Karin and Knowlton, Barbara J and , Russell A},
  Journal                  = {Proceedings of the National Academy of Sciences},
  Year                     = {2006},
  Number                   = {31},
  Pages                    = {11778-11783},
  Volume                   = {103},
  Date-added               = {2014-09-28 20:34:34 +0000},
  Date-modified            = {2014-09-28 20:34:34 +0000},
  Publisher                = {National Academy of Sciences}
}

@article{Frank2005,
  title={Dynamic dopamine modulation in the basal ganglia: a neurocomputational account of cognitive deficits in medicated and nonmedicated Parkinsonism},
  author={Frank, Michael J},
  journal={Journal of Cognitive Neuroscience},
  volume={17},
  number={1},
  pages={51--72},
  year={2005},
  publisher={MIT Press}
}

@article{FrankLoughryOReilly2001,
  title={Interactions between frontal cortex and basal ganglia in working memory: A computational model},
  author={Frank, Michael J and Loughry, Bryan and O'Reilly, Randall C},
  journal={Cognitive, Affective, \& Behavioral Neuroscience},
  volume={1},
  number={2},
  pages={137--160},
  year={2001},
  publisher={Springer}
}

@Book{fukunaga1990introduction,
  Title                    = {Introduction to statistical pattern recognition},
  Author                   = {Fukunaga, Keinosuke},
  Publisher                = {Academic press},
  Year                     = {1990},
  Date-added               = {2014-09-25 02:29:24 +0000},
  Date-modified            = {2014-09-25 02:29:24 +0000}
}

@article{GluckBower1988,
  title={From conditioning to category learning: an adaptive network model.},
  author={Gluck, Mark A and Bower, Gordon H},
  journal={Journal of Experimental Psychology: General},
  volume={117},
  number={3},
  pages={227--247},
  year={1988},
  publisher={American Psychological Association}
}

@article{Grace2007,
  title={Regulation of firing of dopaminergic neurons and control of goal-directed behaviors},
  author={Grace, Anthony A and Floresco, Stan B and Goto, Yukiori and Lodge, Daniel J},
  journal={Trends in Neurosciences},
  volume={30},
  number={5},
  pages={220--227},
  year={2007},
  publisher={Elsevier}
}

@Article{GraftonHazeltineIvry1995,
  Title                    = {Functional mapping of sequence learning in normal humans},
  Author                   = {S. T. Grafton and E. Hazeltine and R. B. Ivry},
  Journal                  = {Journal of Cognitive Neuroscience},
  Year                     = {1995},
  Pages                    = {497--510},
  Volume                   = {7}
}

@article{GreggSimon1967,
  title={Process models and stochastic theories of simple concept formation},
  author={Gregg, Lee W and Simon, Herbert A},
  journal={Journal of Mathematical Psychology},
  volume={4},
  number={2},
  pages={246-276},
  year={1967},
  publisher={Elsevier}
}

@article{Grinband2006,
  title={A neural representation of categorization uncertainty in the human brain},
  author={Grinband, Jack and Hirsch, Joy and Ferrera, Vincent P},
  journal={Neuron},
  volume={49},
  number={5},
  pages={757--763},
  year={2006},
  publisher={Elsevier}
}

@article{Gu2003,
  title={Contribution of acetylcholine to visual cortex plasticity},
  author={Gu, Qiang},
  journal={Neurobiology of Learning and Memory},
  volume={80},
  number={3},
  pages={291--301},
  year={2003},
  publisher={Elsevier}
}

@Article{gureckis2011re,
  Title                    = {Re-evaluating dissociations between implicit and explicit category learning: An event-related fMRI study},
  Author                   = {Gureckis, Todd M and James, Thomas W and Nosofsky, Robert M},
  Journal                  = {Journal of Cognitive Neuroscience},
  Year                     = {2011},
  Number                   = {7},
  Pages                    = {1697-1709},
  Volume                   = {23},
  Date-added               = {2014-09-28 20:27:02 +0000},
  Date-modified            = {2014-09-28 20:27:02 +0000},
  Publisher                = {MIT Press}
}

@article{Haber2016,
  title={Corticostriatal circuitry},
  author={Haber, Suzanne N},
  journal={Dialogues in clinical neuroscience},
  volume={18},
  number={1},
  pages={7},
  year={2016},
  publisher={Les Laboratoires Servier}
}

@article{Hammond1980,
  title={The effect of contingency upon the appetitive conditioning of free-operant behavior},
  author={Hammond, Lynn J},
  journal={Journal of the Experimental Analysis of Behavior},
  volume={34},
  number={3},
  pages={297-304},
  year={1980},
  publisher={Society for the Experimental Analysis of Behavior}
}

@article{HartleyEtAl2000,
  title={Modeling place fields in terms of the cortical inputs to the hippocampus},
  author={Hartley, Tom and Burgess, Neil and Lever, C and Cacucci, F and O'Keefe, J},
  journal={Hippocampus},
  volume={10},
  number={4},
  pages={369--379},
  year={2000}
}

@article{HarunoKawato2006,
  title={Different neural correlates of reward expectation and reward expectation error in the putamen and caudate nucleus during stimulus-action-reward association learning},
  author={Haruno, Masahiko and Kawato, Mitsuo},
  journal={Journal of Neurophysiology},
  volume={95},
  number={2},
  pages={948--959},
  year={2006},
  publisher={Am Physiological Soc}
}

@book{HauptHaupt2004,
  title={Practical genetic algorithms},
  author={Haupt, Randy L and Haupt, Sue Ellen},
  year={2004},
  publisher={New York: John Wiley \& Sons}
}

@article{Hayes1953,
  title={The backward curve: a method for the study of learning.},
  author={Hayes, Keith J},
  journal={Psychological Review},
  volume={60},
  number={4},
  pages={269-275},
  year={1953},
  publisher={American Psychological Association}
}

@book{Haykin2009,
  title={Neural networks and learning machines (3rd ed.)},
  author={Haykin, S.},
  year={2009},
  address={Upper Saddle River, NJ},
  publisher={Prentice Hall}
}

@article{HelieEllAshby2015,
  title={Learning robust cortico-cortical associations with the basal ganglia: An integrative review},
  author={H{\'e}lie, S{\'e}bastien and Ell, Shawn W and Ashby, F Gregory},
  journal={Cortex},
  volume={64},
  pages={123-135},
  year={2015},
  publisher={Elsevier}
}

@article{HeliePaulAshby2012a,
  title={A neurocomputational account of cognitive deficits in Parkinson's disease},
  author={H{\'e}lie, S{\'e}bastien and Paul, Erick J and Ashby, F Gregory},
  journal={Neuropsychologia},
  volume={50},
  number={9},
  pages={2290--2302},
  year={2012},
  publisher={Elsevier}
}

@article{HeliePaulAshby2012b,
  title={Simulating the effects of dopamine imbalance on cognition: from positive affect to Parkinsonâ€™s disease},
  author={H{\'e}lie, S{\'e}bastien and Paul, Erick J and Ashby, F Gregory},
  journal={Neural Networks},
  volume={32},
  pages={74--85},
  year={2012},
  publisher={Elsevier}
}

@article{HelieProulxLefebvre2011,
  title={Bottom-up learning of explicit knowledge using a Bayesian algorithm and a new Hebbian learning rule},
  author={H{\'e}lie, S{\'e}bastien and Proulx, Robert and Lefebvre, Bernard},
  journal={Neural Networks},
  volume={24},
  number={3},
  pages={219-232},
  year={2011},
  publisher={Elsevier}
}

@article{HelieRoederAshby2010,
  title={Evidence for cortical automaticity in rule-based categorization},
  author={Helie, Sebastien and Roeder, Jessica L and Ashby, F Gregory},
  journal={The Journal of Neuroscience},
  volume={30},
  number={42},
  pages={14225-14234},
  year={2010},
  publisher={Soc Neuroscience}
}

@article{HelieEtAl2015,
  title={A neurocomputational model of automatic sequence production},
  author={Helie, Sebastien and Roeder, Jessica L and Vucovich, Lauren and R{\"u}nger, Dennis and Ashby, F Gregory},
  journal={Journal of Cognitive Neuroscience},
  volume={27},
  number={7},
  pages={1456-1469},
  year={2015},
  publisher={MIT Press}
}

@Article{HelieWaldschmidtAshby2010,
  Title                    = {Automaticity in rule-based and information-integration categorization},
  Author                   = {H{\'e}lie, S{\'e}bastien and Waldschmidt, Jennifer G and Ashby, F Gregory},
  Journal                  = {Attention, Perception, \& Psychophysics},
  Year                     = {2010},
  Number                   = {4},
  Pages                    = {1013-1031},
  Volume                   = {72},
  Publisher                = {Springer}
}

@article{HollermanSchultz1998,
  title={Dopamine neurons report an error in the temporal prediction of reward during learning},
  author={Hollerman, Jeffrey R and Schultz, Wolfram},
  journal={Nature Neuroscience},
  volume={1},
  number={4},
  pages={304--309},
  year={1998},
  publisher={Nature Publishing Group}
}

@article{HongHikosaka2014,
  title={Pedunculopontine tegmental nucleus neurons provide reward, sensorimotor, and alerting signals to midbrain dopamine neurons},
  author={Hong, Simon and Hikosaka, Okihide},
  journal={Neuroscience},
  volume={282},
  pages={139--155},
  year={2014},
  publisher={Elsevier}
}

@article{HoshiShimaTanji2000,
  title={Neuronal activity in the primate prefrontal cortex in the process of motor selection based on two behavioral rules},
  author={Hoshi, Eiji and Shima, Keisetsu and Tanji, Jun},
  journal={Journal of Neurophysiology},
  volume={83},
  number={4},
  pages={2355-2373},
  year={2000},
  publisher={Am Physiological Soc}
}

@incollection{HoukAdamsBarto1995,
  title={A model of how the basal ganglia generate and use neural signals that predict reinforcement},
  author={Houk, JC and Adams, JL and Barto, AG},
  booktitle={Models of information processing in the basal ganglia},
  editor={Houk, J. C. Davis, J. L. and Beiser, D. G.},
  pages={249--270},
  year={1995},
  publisher={Cambridge, MA: MIT Press}
}

@article{HuangEtAl2005,
  title={Theta burst stimulation of the human motor cortex},
  author={Huang, Ying-Zu and Edwards, Mark J and Rounis, Elisabeth and Bhatia, Kailash P and Rothwell, John C},
  journal={Neuron},
  volume={45},
  number={2},
  pages={201--206},
  year={2005},
  publisher={Elsevier}
}

@article{HuangEtAl2011,
  title={The theoretical model of theta burst form of repetitive transcranial magnetic stimulation},
  author={Huang, Ying-Zu and Rothwell, John C and Chen, Rou-Shayn and Lu, Chin-Song and Chuang, Wen-Li},
  journal={Clinical Neurophysiology},
  volume={122},
  number={5},
  pages={1011--1018},
  year={2011},
  publisher={Elsevier}
}

@book{Hull1943,
  title={Principles of behavior},
  author={Hull, Clark},
  year={1943},
  publisher={New York: Appleton-Century-Crofts}
}

@article{Humphries2010,
  title={The ventral basal ganglia, a selection mechanism at the crossroads of space, strategy, and reward.},
  author={Humphries, Mark D and Prescott, Tony J},
  journal={Progress in neurobiology},
  volume={90},
  number={4},
  pages={385--417},
  year={2010},
  publisher={Elsevier}
}

@Book{Izhikevich2007,
  Title                    = {Dynamical systems in neuroscience},
  Author                   = {Izhikevich, Eugene M},
  Publisher                = {Cambridge, MA: MIT Press},
  Year                     = {2007}
}

@Article{Izhikevich2003,
  Title                    = {Simple model of spiking neurons},
  Author                   = {Izhikevich, Eugene M},
  Journal                  = {IEEE Transactions on Neural Networks},
  Year                     = {2003},
  Number                   = {6},
  Pages                    = {1569-1572},
  Volume                   = {14}
}

@article{Izhikevich2004,
  title={Which model to use for cortical spiking neurons?},
  author={Izhikevich, Eugene M},
  journal={IEEE Transactions on Neural Networks},
  volume={15},
  number={5},
  pages={1063--1070},
  year={2004}
}

@article{izquierdo2004,
  title={Bilateral orbital prefrontal cortex lesions in rhesus monkeys disrupt choices guided by both reward value and reward contingency},
  author={Izquierdo, Alicia and Suda, Robin K and Murray, Elisabeth A},
  journal={The Journal of Neuroscience},
  volume={24},
  number={34},
  pages={7540--7548},
  year={2004},
  publisher={Soc Neuroscience}
}

@article{Jackson2016,
  title={Role of the Perigenual Anterior Cingulate and Orbitofrontal Cortex in Contingency Learning in the Marmoset},
  author={Jackson, Stacey AW and Horst, Nicole K and Pears, Andrew and Robbins, Trevor W and Roberts, Angela C},
  journal={Cerebral Cortex},
  pages={bhw067},
  year={2016},
  publisher={Oxford Univ Press}
}

@InCollection{JacksonHoughton1995,
  Title                    = {Sensorimotor selection and the basal ganglia: A neural network model},
  Author                   = {Jackson, S. and Houghton, G.},
  Booktitle                = {Models of Information Processing in the Basal Ganglia},
  Publisher                = {MIT Press},
  Year                     = {1995},

  Address                  = {Cambridge, MA},
  Editor                   = {Houk, J. C. and Davis, J. L. and Beiser, D. G.},
  Pages                    = {337-368}
}

@Book{james1890principles,
  Title                    = {The principles of psychology (Vol. I)},
  Author                   = {James, William},
  Journal                  = {New York: Holt},
  Year                     = {1890}
}

@Article{Jenkinsetal1994,
  Title                    = {Motor sequence learning: A study with positron emission tomography},
  Author                   = {Jenkins, IH and Brooks, DJ and Nixon, PD and Frackowiak, RS and Passingham, RE},
  Journal                  = {The Journal of Neuroscience},
  Year                     = {1994},
  Number                   = {6},
  Pages                    = {3775-3790},
  Volume                   = {14},
  Date-added               = {2014-09-25 02:29:45 +0000},
  Date-modified            = {2014-09-25 02:29:45 +0000},
  Publisher                = {Soc Neuroscience}
}

@article{JenkinsonEtAl2002,
  title={Improved optimization for the robust and accurate linear registration and motion correction of brain images},
  author={Jenkinson, Mark and Bannister, Peter and Brady, Michael and Smith, Stephen},
  journal={{NeuroImage}},
  volume={17},
  number={2},
  pages={825--841},
  year={2002},
  publisher={Elsevier}
}

@article{Jocham2016,
  title={Reward-guided learning with and without causal attribution},
  author={Jocham, Gerhard and Brodersen, Kay H and Constantinescu, Alexandra O and Kahn, Martin C and Ianni, Angela M and Walton, Mark E and Rushworth, Matthew FS and Behrens, Timothy EJ},
  journal={Neuron},
  volume={90},
  number={1},
  pages={177--190},
  year={2016},
  publisher={Elsevier}
}

@article{Kable2007,
  title={The neural correlates of subjective value during intertemporal choice},
  author={Kable, Joseph W and Glimcher, Paul W},
  journal={Nature Neuroscience},
  volume={10},
  number={12},
  pages={1625--1633},
  year={2007},
  publisher={Nature Publishing Group}
}

@Book{kahneman1973attention,
  Title                    = {Attention and effort},
  Author                   = {Kahneman, Daniel},
  Publisher                = {Citeseer},
  Year                     = {1973}
}

@article{KatzHasselmo2007,
  title={Coincidence detection of place and temporal context in a network model of spiking hippocampal neurons},
  author={Katz, Yael and Kath, William L and Spruston, Nelson and Hasselmo, Michael E},
  journal={PLoS Comput Biol},
  volume={3},
  number={12},
  pages={e234},
  year={2007},
  publisher={Public Library of Science}
}

@article{KempBashir2001,
  title={Long-term depression: A cascade of induction and expression mechanisms},
  author={Kemp, Nicola and Bashir, Zafar I},
  journal={Progress in Neurobiology},
  volume={65},
  number={4},
  pages={339--365},
  year={2001},
  publisher={Elsevier}
}

@article{KennedyShapiro2004,
  title={Retrieving memories via internal context requires the hippocampus},
  author={Kennedy, Pamela J and Shapiro, Matthew L},
  journal={The Journal of Neuroscience},
  volume={24},
  number={31},
  pages={6979--6985},
  year={2004},
  publisher={Society for Neuroscience}
}

@article{KennedyShapiro2009,
  title={Motivational states activate distinct hippocampal representations to guide goal-directed behaviors},
  author={Kennedy, Pamela J and Shapiro, Matthew L},
  journal={Proceedings of the National Academy of Sciences},
  volume={106},
  number={26},
  pages={10805--10810},
  year={2009},
  publisher={National Academy of Sciences}
}


@Article{killcross2003coordination,
  Title                    = {Coordination of actions and habits in the medial prefrontal cortex of rats},
  Author                   = {Killcross, Simon and Coutureau, Etienne},
  Journal                  = {Cerebral Cortex},
  Year                     = {2003},
  Number                   = {4},
  Pages                    = {400-408},
  Volume                   = {13},

  Date-added               = {2014-09-28 20:36:47 +0000},
  Date-modified            = {2014-09-28 20:36:47 +0000},
  Publisher                = {Oxford Univ Press}
}

@Article{KnopmanNissen1991,
  Title                    = {Procedural learning is impaired in Huntington's disease: Evidence from the serial reaction time task},
  Author                   = {David Knopman and Mary Jo Nissen},
  Journal                  = {Neuropsychologia},
  Year                     = {1991},
  Number                   = {3},
  Pages                    = {245-254},
  Volume                   = {29},
  Bdsk-url-1               = {http://dx.doi.org/10.1016/0028-3932(91)90085-M},
  Doi                      = {http://dx.doi.org/10.1016/0028-3932(91)90085-M},
  ISSN                     = {0028-3932}
}

@article{KnowltonSquireGluck1994,
  title={Probabilistic classification learning in amnesia},
  author={Knowlton, Barbara J and Squire, Larry R and Gluck, Mark A},
  journal={Learning \& Memory},
  volume={1},
  number={2},
  pages={106-120},
  year={1994},
  publisher={Cold Spring Harbor Lab}
}

@article{Kobayashi2007,
  title={Reward prediction error computation in the pedunculopontine tegmental nucleus neurons},
  author={Kobayashi, Yasushi and OKADA, KEN-ICHI},
  journal={Annals of the New York Academy of Sciences},
  volume={1104},
  number={1},
  pages={310--323},
  year={2007},
  publisher={Wiley Online Library}
}

@article{KonishiEtAl1999,
  title={Contribution of working memory to transient activation in human inferior prefrontal cortex during performance of the Wisconsin Card Sorting Test},
  author={Konishi, S and Kawazu, M and Uchida, I and Kikyo, H and Asakura, I and Miyashita, Y},
  journal={Cerebral Cortex},
  volume={9},
  number={7},
  pages={745-753},
  year={1999},
  publisher={Oxford Univ Press}
}

@article{KubovyHealy1977,
  title={The decision rule in probabilistic categorization: What it is and how it is learned.},
  author={Kubovy, Michael and Healy, Alice F},
  journal={Journal of Experimental Psychology: General},
  volume={106},
  number={4},
  pages={427-446},
  year={1977},
  publisher={American Psychological Association}
}

@Article{KnowltonMangelsSquire1996,
  Title                    = {A neostriatal habit learning system in humans},
  Author                   = {Knowlton, Barbara J and Mangels, Jennifer A and Squire, Larry R},
  Journal                  = {Science},
  Year                     = {1996},
  Number                   = {5280},
  Pages                    = {1399--1402},
  Volume                   = {273},
  Date-added               = {2014-09-25 02:30:09 +0000},
  Date-modified            = {2014-09-25 02:30:09 +0000},
  Publisher                = {American Association for the Advancement of Science}
}

@book{Koch1999,
  title={Biophysics of computation: Information processing in single neurons},
  author={Koch, Christof},
  year={1999},
  publisher={New York: Oxford University Press}
}

@Article{Kruschke1996,
  Title                    = {Dimensional relevance shifts in category learning},
  Author                   = {John K. Kruschke},
  Journal                  = {Connection Science},
  Year                     = {1996},
  Number                   = {2},
  Pages                    = {225--247},
  Volume                   = {8}
}

@Article{Kruschke1992,
  Title                    = {ALCOVE: An exemplar-based connectionist model of category learning},
  Author                   = {John K. Kruschke},
  Journal                  = {Psychological Review},
  Year                     = {1992},
  Number                   = {1},
  Pages                    = {22--44},
  Volume                   = {99}
}

@article{Lapique1907,
  title={Recherches quantitatives sur l'excitation electrique des nerfs traitee comme une polarization},
  author={Lapique, L},
  journal={Journal of Physiology \& Pathology: General},
  volume={9},
  pages={620--635},
  year={1907}
}

@article{LapishEtAl2007,
  title={The ability of the mesocortical dopamine system to operate in distinct temporal modes},
  author={Lapish, Christopher C and Kroener, Sven and Durstewitz, Daniel and Lavin, Antonieta and Seamans, Jeremy K},
  journal={Psychopharmacology},
  volume={191},
  number={3},
  pages={609--625},
  year={2007},
  publisher={Springer}
}

@article{Lee2013,
  title={Contextual behavior and neural circuits},
  author={Lee, Inah and Lee, Choong Hee},
  journal={Frontiers in neural circuits},
  volume={7},
  pages={84},
  year={2013},
  publisher={Frontiers}
}
@article{Lex2010,
  title={Disconnection of the entorhinal cortex and dorsomedial striatum impairs the sensitivity to instrumental contingency degradation},
  author={Lex, Bjoern and Hauber, Wolfgang},
  journal={Neuropsychopharmacology},
  volume={35},
  number={8},
  pages={1788--1796},
  year={2010},
  publisher={Nature Publishing Group}
}

@article{Liljeholm2011,
  title={Neural correlates of instrumental contingency learning: differential effects of action--reward conjunction and disjunction},
  author={Liljeholm, Mimi and Tricomi, Elizabeth and O'Doherty, John P and Balleine, Bernard W},
  journal={The Journal of Neuroscience},
  volume={31},
  number={7},
  pages={2474--2480},
  year={2011},
  publisher={Soc Neuroscience}
}

@Article{LismanSchulmanCline2002,
  Title                    = {The molecular basis of CaMKII function in synaptic and behavioural memory},
  Author                   = {Lisman, John and Schulman, Howard and Cline, Hollis},
  Journal                  = {Nature Reviews Neuroscience},
  Year                     = {2002},
  Number                   = {3},
  Pages                    = {175--190},
  Volume                   = {3},
  Publisher                = {Nature Publishing Group}
}

@article{Liu2011,
  title={Common and distinct networks underlying reward valence and processing stages: a meta-analysis of functional neuroimaging studies},
  author={Liu, Xun and Hairston, Jacqueline and Schrier, Madeleine and Fan, Jin},
  journal={Neuroscience \& Biobehavioral Reviews},
  volume={35},
  number={5},
  pages={1219--1236},
  year={2011},
  publisher={Elsevier}
}

@article{Lodge2006,
  title={The hippocampus modulates dopamine neuron responsivity by regulating the intensity of phasic neuron activation},
  author={Lodge, Daniel J and Grace, Anthony A},
  journal={Neuropsychopharmacology},
  volume={31},
  number={7},
  pages={1356--1361},
  year={2006},
  publisher={Nature Publishing Group}
}


@article{Logothetis2003,
  title={The underpinnings of the BOLD functional magnetic resonance imaging signal},
  author={Logothetis, Nikos K},
  journal={The Journal of Neuroscience},
  volume={23},
  number={10},
  pages={3963--3971},
  year={2003},
  publisher={Soc Neuroscience}
}

@article{LogothetisEtAl2001,
  title={Neurophysiological investigation of the basis of the fMRI signal},
  author={Logothetis, Nikos K and Pauls, Jon and Augath, Mark and Trinath, Torsten and Oeltermann, Axel},
  journal={Nature},
  volume={412},
  number={6843},
  pages={150--157},
  year={2001},
  publisher={Nature Publishing Group}


@article{LopezPaniaguaSeger2011,
  title={Interactions within and between corticostriatal loops during component processes of category learning},
  author={Lopez-Paniagua, Dan and Seger, Carol A},
  journal={Journal of Cognitive Neuroscience},
  volume={23},
  number={10},
  pages={3068--3083},
  year={2011},
  publisher={MIT Press}
}

@article{LoveMedinGureckis2004,
  title={SUSTAIN: a network model of category learning.},
  author={Love, Bradley C and Medin, Douglas L and Gureckis, Todd M},
  journal={Psychological Review},
  volume={111},
  number={2},
  pages={309--332},
  year={2004},
  publisher={American Psychological Association}
}

@Article{MaddoxAshby1993,
  Title                    = {Comparing decision bound and exemplar models of categorization},
  Author                   = {Maddox, W Todd and Ashby, F Gregory},
  Journal                  = {Perception \& Psychophysics},
  Year                     = {1993},
  Number                   = {1},
  Pages                    = {49--70},
  Volume                   = {53},
  Date-added               = {2014-09-25 02:30:27 +0000},
  Date-modified            = {2014-09-25 02:30:27 +0000},
  Publisher                = {Springer}
}

@Article{MaddoxAshbyBohil2003,
  Title                    = {Delayed feedback effects on rule-based and information-integration category learning},
  Author                   = {W. T. Maddox and F. Gregory Ashby and C. J. Bohil},
  Journal                  = {Journal of Experimental Psychology: Learning, Memory, and Cognition},
  Year                     = {2003},
  Pages                    = {650--662},
  Volume                   = {29}
}

@Article{MAIP2004,
  Title                    = {Disrupting feedback processing interferes with rule-based but not information-integration category learning},
  Author                   = {Maddox, W Todd and Ashby, F Gregory and Ing, A David and Pickering, Alan D},
  Journal                  = {Memory \& Cognition},
  Year                     = {2004},
  Number                   = {4},
  Pages                    = {582--591},
  Volume                   = {32},
  Publisher                = {Springer}
}


@Article{MaddoxBohilIng2004,
  Title                    = {Evidence for a procedural-learning-based system in perceptual category learning},
  Author                   = {Maddox, W Todd and Bohil, Corey J and Ing, A David},
  Journal                  = {Psychonomic Bulletin \& Review},
  Year                     = {2004},
  Number                   = {5},
  Pages                    = {945-952},
  Volume                   = {11},
  Date-added               = {2014-09-25 02:31:11 +0000},
  Date-modified            = {2014-09-25 02:31:11 +0000},
  Publisher                = {Springer}
}

@Article{MaddoxEtAlAshby2010,
  Title                    = {Category label and response location shifts in category learning},
  Author                   = {Maddox, W Todd and Glass, Brian D and O'Brien, Jeffrey B and Filoteo, J Vincent and Ashby, F Gregory},
  Journal                  = {Psychological Research},
  Year                     = {2010},
  Number                   = {2},
  Pages                    = {219-236},
  Volume                   = {74},
  Date-added               = {2014-09-25 02:31:30 +0000},
  Date-modified            = {2014-09-25 02:31:30 +0000},
  Publisher                = {Springer}
}

@Article{MaddoxIng2005,
  Title                    = {Delayed feedback disrupts the procedural-learning system but not the hypothesis testing system in perceptual category learning},
  Author                   = {W. T. Maddox and A. D. Ing},
  Journal                  = {Journal of Experimental Psychology: Learning, Memory, and Cognition},
  Year                     = {2005},
  Number                   = {1},
  Pages                    = {100-107},
  Volume                   = {31}
}

@Article{MaddoxEtAl2007,
  Title                    = {Cognitive complexity effects in perceptual classification are dissociable},
  Author                   = {Maddox, W Todd and Lauritzen, J Scott and Ing, A David},
  Journal                  = {Memory \& Cognition},
  Year                     = {2007},
  Number                   = {5},
  Pages                    = {885-894},
  Volume                   = {35},

  Publisher                = {Springer}
}

@Article{MagillBolamBevan2001,
  Title                    = {Dopamine regulates the impact of the cerebral cortex on the subthalamic nucleus--globus pallidus network},
  Author                   = {Magill, PJ and Bolam, JP and Bevan, MD},
  Journal                  = {Neuroscience},
  Year                     = {2001},
  Number                   = {2},
  Pages                    = {313-330},
  Volume                   = {106},
  Publisher                = {Elsevier}
}

@incollection{MalenkaSiegelbaum2001,
  title={Synaptic plasticity},
  author={Malenka, Robert C and Siegelbaum, Steven A},
  Booktitle={Synapses},
  Editor={Cowan, W. M. and Sudhof,  T. C. and Stevens, C. F.},
  pages={393--453},
  year={2001},
  publisher={JHU Press},
  location={Baltimore, MD}
}

@Article{MarkmanMaddoxWorthy2006,
  Title                    = {Choking and excelling under pressure},
  Author                   = {Markman, Arthur B and Maddox, W Todd and Worthy, Darrell A},
  Journal                  = {Psychological Science},
  Year                     = {2006},
  Number                   = {11},
  Pages                    = {944-948},
  Volume                   = {17},
  Publisher                = {SAGE Publications}
}

@article{MartinGrimwoodMorris2000,
  title={Synaptic plasticity and memory: An evaluation of the hypothesis},
  author={Martin, SJ and Grimwood, PD and Morris, RGM},
  journal={Annual Review of Neuroscience},
  volume={23},
  number={1},
  pages={649--711},
  year={2000},
  publisher={Annual Reviews 4139 El Camino Way, PO Box 10139, Palo Alto, CA 94303-0139, USA}
}

@book{Marr1982,
  title={Vision: A computational investigation into the human representation and processing of visual information},
  author={Marr, David},
  year={1982},
  publisher={New York: Freeman}
}

@article{MatsuzakaPicardStrick2007,
  title={Skill representation in the primary motor cortex after long-term practice},
  author={Matsuzaka, Yoshiya and Picard, Nathalie and Strick, Peter L},
  journal={Journal of Neurophysiology},
  volume={97},
  number={2},
  pages={1819-1832},
  year={2007},
  publisher={Am Physiological Soc}
}

@article{McClellandMcNaughtonOReilly1995,
  title={Why there are complementary learning systems in the hippocampus and neocortex: Insights from the successes and failures of connectionist models of learning and memory},
  author={McClelland, James L and McNaughton, Bruce L and O'Reilly, Randall C},
  journal={Psychological Review},
  volume={102},
  number={3},
  pages={419--457},
  year={1995},
  publisher={American Psychological Association}
}

@article{McCoyHuangPhilpot2009,
  title={Advances in understanding visual cortex plasticity},
  author={McCoy, Portia A and Huang, Hsien-Sung and Philpot, Benjamin D},
  journal={Current Opinion in Neurobiology},
  volume={19},
  number={3},
  pages={298--304},
  year={2009},
  publisher={Elsevier}
}

@article{McCullochPitts1943,
  title={A logical calculus of the ideas immanent in nervous activity},
  author={McCulloch, Warren S and Pitts, Walter},
  journal={The Bulletin of Mathematical Biophysics},
  volume={5},
  number={4},
  pages={115--133},
  year={1943},
  publisher={Springer}
}

@article{McMillenHolmes2006,
  title={The dynamics of choice among multiple alternatives},
  author={McMillen, Tyler and Holmes, Philip},
  journal={Journal of Mathematical Psychology},
  volume={50},
  number={1},
  pages={30--57},
  year={2006},
  publisher={Elsevier}
}

@article{MedinSchaffer1978,
  title={Context theory of classification learning.},
  author={Medin, Douglas L and Schaffer, Marguerite M},
  journal={Psychological Review},
  volume={85},
  number={3},
  pages={207-238},
  year={1978},
  publisher={American Psychological Association}
}

@article{MeeterJeheeMurre2007,
  title={Neural models that convince: Model hierarchies and other strategies to bridge the gap between behavior and the brain},
  author={Meeter, Martijn and Jehee, Janneke and Murre, Jaap},
  journal={Philosophical Psychology},
  volume={20},
  number={6},
  pages={749--772},
  year={2007},
  publisher={Taylor \& Francis}
}

@article{MirenowiczSchultz1994,
  title={Importance of unpredictability for reward responses in primate dopamine neurons},
  author={Mirenowicz, Jacques and Schultz, Wolfram},
  journal={Journal of Neurophysiology},
  volume={72},
  number={2},
  pages={1024--1027},
  year={1994},
  publisher={Am Physiological Soc}
}

@incollection{Mishkin1984,
  address = {New York},
  author = {Mishkin, M. and Malamut, B. and Bachevalier, J.},
  booktitle = {Neurobiology of human learning and memory},
  editor = {Lynch, G. and McGaugh, J. L. and Weinberger, N. M.},
  pages = {65--77},
  publisher = {Guilford Press},
  title = {Memories and habits: {Two} neural systems},
  year = {1984}
}

@Article{mitchell1988caudate,
  Title                    = {Caudate-putamen lesions in the rat may impair or potentiate maze learning depending upon availability of stimulus cues and relevance of response cues},
  Author                   = {Mitchell, Jane A and Hall, Geoffrey},
  Journal                  = {The Quarterly Journal of Experimental Psychology},
  Year                     = {1988},
  Number                   = {3},
  Pages                    = {243-258},
  Volume                   = {40},
  Date-added               = {2014-09-25 02:31:56 +0000},
  Date-modified            = {2014-09-25 02:31:56 +0000},
  Publisher                = {Taylor \&amp; Francis}
}

@article{MonchiEtAl2001,
  title={Wisconsin Card Sorting revisited: distinct neural circuits participating in different stages of the task identified by event-related functional magnetic resonance imaging},
  author={Monchi, Oury and Petrides, Michael and Petre, Valentina and Worsley, Keith and Dagher, Alain},
  journal={The Journal of Neuroscience},
  volume={21},
  number={19},
  pages={7733-7741},
  year={2001},
  publisher={Soc Neuroscience}
}

@article{MontagueDayanSejnowski1996,
  title={A framework for mesencephalic dopamine systems based on predictive Hebbian learning},
  author={Montague, P Read and Dayan, Peter and Sejnowski, Terrence J},
  journal={The Journal of Neuroscience},
  volume={16},
  number={5},
  pages={1936--1947},
  year={1996},
  publisher={Soc Neuroscience}
}

@Article{moody2004implicit,
  Title                    = {An implicit learning task activates medial temporal lobe in patients with Parkinson's disease},
  Author                   = {Moody, Teena D and Bookheimer, Susan Y and Vanek, Zeba and Knowlton, Barbara J},
  Journal                  = {Behavioral Neuroscience},
  Year                     = {2004},
  Number                   = {2},
  Pages                    = {438-442},
  Volume                   = {118},
  Date-added               = {2014-09-25 02:32:22 +0000},
  Date-modified            = {2014-09-25 02:32:22 +0000},
  Publisher                = {American Psychological Association}
}

@article{Morita2012,
  title={Reinforcement learning: computing the temporal difference of values via distinct corticostriatal pathways},
  author={Morita, Kenji and Morishima, Mieko and Sakai, Katsuyuki and Kawaguchi, Yasuo},
  journal={Trends in neurosciences},
  volume={35},
  number={8},
  pages={457--467},
  year={2012},
  publisher={Elsevier}
}


@Article{MuhammadWallisMiller2006,
  Title                    = {A comparison of abstract rules in the prefrontal cortex, premotor cortex, inferior temporal cortex, and striatum},
  Author                   = {Muhammad, Rahmat and Wallis, Jonathan D and Miller, Earl K},
  Journal                  = {Journal of Cognitive Neuroscience},
  Year                     = {2006},
  Number                   = {6},
  Pages                    = {974-989},
  Volume                   = {18},
  Date-added               = {2014-09-25 02:32:41 +0000},
  Date-modified            = {2014-09-25 02:32:41 +0000},
  Publisher                = {MIT Press}
}

@article{MumfordEtAl2012,
  title={Deconvolving BOLD activation in event-related designs for multivoxel pattern classification analyses},
  author={Mumford, Jeanette A and Turner, Benjamin O and Ashby, F Gregory and Poldrack, Russell A},
  journal={{NeuroImage}},
  volume={59},
  number={3},
  pages={2636--2643},
  year={2012},
  publisher={Elsevier}
}

@article{NagumoEtAl1962,
  title={An active pulse transmission line simulating nerve axon},
  author={Nagumo, Jinichi and Arimoto, Suguru and Yoshizawa, Shuji},
  journal={Proceedings of the IRE},
  volume={50},
  number={10},
  pages={2061--2070},
  year={1962},
  publisher={IEEE}
}

@article{NakajimaEtAl2002,
  title={Renewal of operant performance formerly eliminated by omission or noncontingency training upon return to the acquisition context},
  author={Nakajima, Sadahiko and Urushihara, Kouji and Masaki, Takahisa},
  journal={Learning and Motivation},
  volume={33},
  number={4},
  pages={510-525},
  year={2002},
  publisher={Elsevier}
}

@Article{navon1979economy,
  Title                    = {On the economy of the human-processing system},
  Author                   = {Navon, David and Gopher, Daniel},
  Journal                  = {Psychological Review},
  Year                     = {1979},
  Number                   = {3},
  Pages                    = {214-255},
  Volume                   = {86},
  Publisher                = {American Psychological Association}
}

@article{NewellShawSimon1958,
  title={Elements of a theory of human problem solving},
  author={Newell, Allen and Shaw, John Calman and Simon, Herbert A},
  journal={Psychological Review},
  volume={65},
  number={3},
  pages={151--166},
  year={1958},
  publisher={American Psychological Association}
}

@Article{newell2008dimensions,
  Title                    = {Dimensions in data: Testing psychological models using state-trace analysis},
  Author                   = {Newell, Ben R and Dunn, John C},
  Journal                  = {Trends in Cognitive Sciences},
  Year                     = {2008},
  Number                   = {8},
  Pages                    = {285-290},
  Volume                   = {12},
  Date-added               = {2014-09-28 20:28:05 +0000},
  Date-modified            = {2014-09-28 20:28:05 +0000},
  Publisher                = {Elsevier}
}

@Article{newell2011,
  Title                    = {Systems of category learning: Fact or fantasy?},
  Author                   = {Newell, Ben R and Dunn, John C and Kalish, Michael},
  Journal                  = {Psychology of Learning and Motivation-Advances in Research and Theory},
  Year                     = {2011},
  Pages                    = {167-215},
  Volume                   = {54},
  Date-added               = {2014-09-28 20:27:30 +0000},
  Date-modified            = {2014-09-28 20:27:30 +0000}
}

@Article{NewellEtAl2013,
  Title                    = {Reinstating the frontal lobes? Having more time to think improves implicit perceptual categorization A comment on Filoteo, Lauritzen, and Maddox (2010)},
  Author                   = {Newell, Ben R and Moore, Christopher P and Wills, Andy J and Milton, Fraser},
  Journal                  = {Psychological Science},
  Year                     = {2013},
  Pages                    = {386-389},
 Volume                   = {24},
  Publisher                = {Sage Publications}
}

@article{Nieh2015,
  title={Decoding neural circuits that control compulsive sucrose seeking},
  author={Nieh, Edward H and Matthews, Gillian A and Allsop, Stephen A and Presbrey, Kara N and Leppla, Christopher A and Wichmann, Romy and Neve, Rachael and Wildes, Craig P and Tye, Kay M},
  journal={Cell},
  volume={160},
  number={3},
  pages={528--541},
  year={2015},
  publisher={Elsevier}
}


@Article{NomuraEtAl2007,
  Title                    = {Neural correlates of rule-based and information-integration visual category learning},
  Author                   = {Nomura, EM and Maddox, WT and Filoteo, JV and Ing, AD and Gitelman, DR and Parrish, TB and Mesulam, MM and Reber, PJ},
  Journal                  = {Cerebral Cortex},
  Year                     = {2007},
  Number                   = {1},
  Pages                    = {37-43},
  Volume                   = {17},
  Publisher                = {Oxford Univ Press}
}

@Article{Nosofsky1986,
  Title                    = {Attention, Similarity, and the Identification-Categorization Relationship},
  Author                   = {Robert M. Nosofsky},
  Journal                  = {Journal of Experimental Psychology: General},
  Year                     = {1986},
  Pages                    = {39-57},
  Volume                   = {115}
}

@article{NosofskyPalmeri1997,
  title={An exemplar-based random walk model of speeded classification},
  author={Nosofsky, Robert M and Palmeri, Thomas J},
  journal={Psychological Review},
  volume={104},
  number={2},
  pages={266-300},
  year={1997},
  publisher={American Psychological Association}
}

@article{NosofskyRULEX1994,
  title={Rule-plus-exception model of classification learning},
  author={Nosofsky, Robert M and Palmeri, Thomas J and McKinley, Stephen C},
  journal={Psychological Review},
  volume={101},
  number={1},
  pages={53-79},
  year={1994},
  publisher={American Psychological Association}
}

@Article{nosofsky2005procedural,
  Title                    = {Procedural interference in perceptual classification: Implicit learning or cognitive complexity?},
  Author                   = {Nosofsky, Robert M and Stanton, Roger D and Zaki, Safa R},
  Journal                  = {Memory \& Cognition},
  Year                     = {2005},
  Number                   = {7},
  Pages                    = {1256-1271},
  Volume                   = {33},
  Date-added               = {2014-09-27 23:53:21 +0000},
  Date-modified            = {2014-09-27 23:53:21 +0000},
  Publisher                = {Springer}
}

@article{ODoherty2004,
  title={Dissociable roles of ventral and dorsal striatum in instrumental conditioning},
  author={O'Doherty, John P and Dayan, Peter and Schultz, Johannes and Deichmann, Ralf and Friston, Karl and Dolan, Raymond J},
  journal={Science},
  volume={304},
  number={5669},
  pages={452--454},
  year={2004},
  publisher={American Association for the Advancement of Science}
}

@article{ODohertyHamptonKim2007,
  title={Model-based fMRI and its application to reward learning and decision making},
  author={O'Doherty, John P and Hampton, Alan and Kim, Hackjin},
  journal={Annals of the New York Academy of sciences},
  volume={1104},
  number={1},
  pages={35--53},
  year={2007},
  publisher={Wiley Online Library}
}

@article{OgawaLeeKayTank1990,
  title={Brain magnetic resonance imaging with contrast dependent on blood oxygenation},
  author={Ogawa, Seiji and Lee, Tso-Ming and Kay, Alan R and Tank, David W},
  journal={Proceedings of the National Academy of Sciences},
  volume={87},
  number={24},
  pages={9868--9872},
  year={1990},
  publisher={National Acad Sciences}
}

@Book{Okeefe1978,
  Title                    = {The hippocampus as a cognitive map},
  Author                   = {O'keefe, John and Nadel, Lynn},
  Publisher                = {Clarendon Press Oxford},
  Year                     = {1978},
  Volume                   = {3},
  Date-added               = {2014-09-25 02:33:40 +0000},
  Date-modified            = {2014-09-25 02:33:40 +0000}
}

@book{Oksendal2003,
  title={Stochastic differential equations},
  author={{\O}ksendal, Bernt},
  year={2003},
  publisher={New York: Springer}
}

@article{OReilly1998,
  title={Six principles for biologically based computational models of cortical cognition},
  author={O'Reilly, Randall C},
  journal={Trends in Cognitive Sciences},
  volume={2},
  number={11},
  pages={455--462},
  year={1998},
  publisher={Elsevier}
}

@book{OReillyEtAl2012,
  title={Computational cognitive neuroscience},
  author={O'Reilly, Randall C and Munakata, Y and Frank, MJ and Hazy, TE and others},
  year={2012},
  publisher={Mainz, Germany: PediaPress}
}

@article{Paladini2014,
  title={Generating bursts (and pauses) in the dopamine midbrain neurons},
  author={Paladini, CA and Roeper, J},
  journal={Neuroscience},
  volume={282},
  pages={109--121},
  year={2014},
  publisher={Elsevier}
}


@Article{pashler1994dual,
  Title                    = {Dual-task interference in simple tasks: data and theory},
  Author                   = {Pashler, Harold},
  Journal                  = {Psychological Bulletin},
  Year                     = {1994},
  Number                   = {2},
  Pages                    = {220-244},
  Volume                   = {116},
  Publisher                = {American Psychological Association}
}

@article{Passingham2010,
  title={Medial frontal cortex: {From} self-generated action to reflection on one's own performance},
  author={Passingham, Richard E and Bengtsson, Sara L and Lau, Hakwan C},
  journal={Trends in Cognitive Sciences},
  volume={14},
  number={1},
  pages={16--21},
  year={2010},
  publisher={Elsevier}
}

@article{PaulAshby2013,
  title={A neurocomputational theory of how explicit learning bootstraps early procedural learning},
  author={Paul, Erick J and Ashby, F Gregory},
  journal={Frontiers in Computational  Neuroscience},
  year={2013},
  volume={7},
  pages={Article 177},
  Bdsk-url- = {http://dx.doi: 10.3389/fncom.2013.00177},
  publisher={Frontiers Media SA}
}

@article{Paul2010,
  title={Information-integration category learning and the human uncertainty response},
  author={Paul, Erick J and Boomer, Joseph and Smith, J David and Ashby, F Gregory},
  journal={Memory \& Cognition},
  volume={39},
  number={3},
  pages={536--554},
  year={2010},
  publisher={Springer}
}

@article{Paul2015,
  title={Neural networks underlying the metacognitive uncertainty response},
  author={Paul, Erick J and Smith, J David and Valentin, Vivian V and Turner, Benjamin O and Barbey, Aron K and Ashby, F Gregory},
  journal={Cortex},
  volume={71},
  pages={306--322},
  year={2015},
  publisher={Elsevier}
}

@article{Peters2010,
  title={Neural representations of subjective reward value},
  author={Peters, J and B{\"u}chel, C},
  journal={Behavioural brain research},
  volume={213},
  number={2},
  pages={135--141},
  year={2010},
  publisher={Elsevier}
}

@article{PittPSP2006,
  title={Global model analysis by parameter space partitioning},
  author={Pitt, Mark A and Kim, Woojae and Navarro, Daniel J and Myung, Jay I},
  journal={Psychological Review},
  volume={113},
  number={1},
  pages={57--83},
  year={2006},
  publisher={American Psychological Association}
}

@article{PittMyungZhang2002,
  title={Toward a method of selecting among computational models of cognition},
  author={Pitt, Mark A and Myung, In Jae and Zhang, Shaobo},
  journal={Psychological Review},
  volume={109},
  number={3},
  pages={472--491},
  year={2002},
  publisher={American Psychological Association}
}

@article{Plassmann2007,
  title={Orbitofrontal cortex encodes willingness to pay in everyday economic transactions},
  author={Plassmann, Hilke and O'Doherty, John and Rangel, Antonio},
  journal={The Journal of Neuroscience},
  volume={27},
  number={37},
  pages={9984--9988},
  year={2007},
  publisher={Soc Neuroscience}
}

@Article{PsychoPy,
  Title                    = {PsychoPy -- Psychophysics software in Python},
  Author                   = {Jonathan W. Peirce},
  Journal                  = {Journal of Neuroscience Methods},
  Year                     = {2007},
  Pages                    = {8-13},
  Volume                   = {162}
}

@article{Poldracketal2001,
  title={Interactive memory systems in the human brain},
  author={Poldrack, Russell A and Clark, J and Pare-Blagoev, EJ and Shohamy, D and Moyano, J Creso and Myers, C and Gluck, MA},
  journal={Nature},
  volume={414},
  number={6863},
  pages={546--550},
  year={2001},
  publisher={Nature Publishing Group}
}

@article{PoldrackPackard2003,
  title={Competition among multiple memory systems: converging evidence from animal and human brain studies},
  author={Poldrack, Russell A and Packard, Mark G},
  journal={Neuropsychologia},
  volume={41},
  number={3},
  pages={245--251},
  year={2003},
  publisher={Elsevier}
}

@Article{poldrack2001characterizing,
  Title                    = {Characterizing the neural mechanisms of skill learning and repetition priming evidence from mirror reading},
  Author                   = {Poldrack, Russell A and Gabrieli, John DE},
  Journal                  = {Brain},
  Year                     = {2001},
  Number                   = {1},
  Pages                    = {67-82},
  Volume                   = {124},
  Date-added               = {2014-09-25 02:34:18 +0000},
  Date-modified            = {2014-09-25 02:34:18 +0000},
  Publisher                = {Oxford Univ Press}
}

@Article{poldrack1999striatal,
  Title                    = {Striatal activation during acquisition of a cognitive skill},
  Author                   = {Poldrack, Russell A and Prabhakaran, Vivek and Seger, Carol A and Gabrieli, John DE},
  Journal                  = {Neuropsychology},
  Year                     = {1999},
  Number                   = {4},
  Pages                    = {564-574},
  Volume                   = {13},
  Date-added               = {2014-09-25 02:34:39 +0000},
  Date-modified            = {2014-09-25 02:34:39 +0000},
  Publisher                = {American Psychological Association}
}

@Article{poldrack1999functional,
  Title                    = {Functional specialization for semantic and phonological processing in the left inferior prefrontal cortex},
  Author                   = {Poldrack, Russell A and Wagner, Anthony D and Prull, Matthew W and Desmond, John E and Glover, Gary H and Gabrieli, John DE},
  Journal                  = {Neuroimage},
  Year                     = {1999},
  Number                   = {1},
  Pages                    = {15-35},
  Volume                   = {10},
  Date-added               = {2014-09-25 02:34:58 +0000},
  Date-modified            = {2014-09-25 02:34:58 +0000},
  Publisher                = {Elsevier}
}

@article{Raftery1995,
  title={Bayesian model selection in social research},
  author={Raftery, Adrian E},
  journal={Sociological Methodology},
  volume={25},
  pages={111--164},
  year={1995},
  publisher={Blackwell Publishers}
}

@Article{Rall1967,
  Title                    = {Distinguishing theoretical synaptic potentials computed for different soma-dendritic distributions of synaptic input.},
  Author                   = {Rall, W},
  Journal                  = {Journal of Neurophysiology},
  Year                     = {1967},
  Number                   = {5},
  Pages                    = {1138-1168},
  Volume                   = {30},
  Publisher                = {Am Physiological Soc}
}

@article{RangelHare2010,
  title={Neural computations associated with goal-directed choice},
  author={Rangel, Antonio and Hare, Todd},
  journal={Current Opinion in Neurobiology},
  volume={20},
  number={2},
  pages={262--270},
  year={2010},
  publisher={Elsevier}
}

@article{Redish1997,
  title={Cognitive maps beyond the hippocampus},
  author={Redish, A David and Touretzky, David S},
  journal={Hippocampus},
  volume={7},
  number={1},
  pages={15--35},
  year={1997}
}

@article{RescorlaSkucy1969,
  title={Effect of response-independent reinforcers during extinction.},
  author={Rescorla, Robert A and Skucy, James C},
  journal={Journal of Comparative and Physiological Psychology},
  volume={67},
  number={3},
  pages={381-389},
  year={1969},
  publisher={American Psychological Association}
}

@article{RicciardiSacerdote1979,
  title={The Ornstein-Uhlenbeck process as a model for neuronal activity},
  author={Ricciardi, Luigi M and Sacerdote, Laura},
  journal={Biological Cybernetics},
  volume={35},
  number={1},
  pages={1--9},
  year={1979},
  publisher={Springer}
}

@article{RogersEtAl2000,
  title={Contrasting cortical and subcortical activations produced by attentional-set shifting and reversal learning in humans},
  author={Rogers, Robert L and Andrews, Tresa K and Grasby, PM and Brooks, DJ and Robbins, TW},
  journal={Cognitive Neuroscience, Journal of},
  volume={12},
  number={1},
  pages={142-162},
  year={2000},
  publisher={MIT Press}
}

@article{Rosenblatt1958,
  title={The perceptron: a probabilistic model for information storage and organization in the brain},
  author={Rosenblatt, Frank},
  journal={Psychological Review},
  volume={65},
  number={6},
  pages={386--408},
  year={1958},
  publisher={American Psychological Association}
}

@Book{Rudy2014,
  Title                    = {The neurobiology of learning and memory},
  Author                   = {Rudy, Jerry W},
  Publisher               = {Sinauer},
  Address                 ={Sunderland, MA},
  Year                     = {2014}
}

@Book{RumelhartMcClelland1986,
  Title                    = {Parallel distributed processing: {Explorations} in the microstructure of cognition. {Volume 1}.},
  Author                   = {Rumelhart, D. E. and McClelland, J. L.},
  Publisher               = {MIT Press},
  Address                 ={Cambridge, MA},
  Year                     = {1986}
}

@Article{Sanders1971,
  Title                    = {Factors affecting reversal and nonreversal shifts in rats and children},
  Author                   = {B. Sanders},
  Journal                  = {Journal of Comparative and Physiological Psychology},
  Year                     = {1971},
  Pages                    = {192-202},
  Volume                   = {74}
}

@article{Saddoris2015,
  title={Differential dopamine release dynamics in the nucleus accumbens core and shell reveal complementary signals for error prediction and incentive motivation},
  author={Saddoris, Michael P and Cacciapaglia, Fabio and Wightman, R Mark and Carelli, Regina M},
  journal={The Journal of Neuroscience},
  volume={35},
  number={33},
  pages={11572--11582},
  year={2015},
  publisher={Soc Neuroscience}
}


@article{SandriniTNS2011,
  title={The use of transcranial magnetic stimulation in cognitive neuroscience: A new synthesis of methodological issues},
  author={Sandrini, Marco and Umilt{\`a}, Carlo and Rusconi, Elena},
  journal={Neuroscience \& Biobehavioral Reviews},
  volume={35},
  number={3},
  pages={516--536},
  year={2011},
  publisher={Elsevier}
}

@article{SchneiderShiffrin1977,
  title={Controlled and automatic human information processing: I. Detection, search, and attention},
  author={Schneider, Walter and Shiffrin, Richard M},
  journal={Psychological Review},
  volume={84},
  number={1},
  pages={1-66},
  year={1977},
  publisher={American Psychological Association}
}

@article{Schultz1998,
  title={Predictive reward signal of dopamine neurons},
  author={Schultz, Wolfram},
  journal={Journal of Neurophysiology},
  volume={80},
  number={1},
  pages={1--27},
  year={1998},
  publisher={Am Physiological Soc}
}

@article{Schultz2002,
  title={Getting formal with dopamine and reward.},
  author={Schultz, W},
  journal={Neuron},
  volume={26},
  pages={241-263},
  year={2002}
}

@article{SchultzDayanMontague1997,
  title={A neural substrate of prediction and reward},
  author={Schultz, Wolfram and Dayan, Peter and Montague, P Read},
  journal={Science},
  volume={275},
  number={5306},
  pages={1593--1599},
  year={1997},
  publisher={American Association for the Advancement of Science}
}

@Article{Schwarz1978,
  Title                    = {Estimating the dimension of a model},
  Author                   = {Schwarz, Gideon},
  Journal                  = {The Annals of Statistics},
  Year                     = {1978},
  Number                   = {2},
  Pages                    = {461-464},
  Volume                   = {6},
  Publisher                = {Institute of Mathematical Statistics}
}

@incollection{SeamansRobbins2010,
  title={Dopamine modulation of the prefrontal cortex and cognitive function},
  author={Seamans, Jeremy K and Robbins, Trevor W},
  booktitle={The dopamine receptors, 2nd edition},
  editor={Neve, K. A.},
  pages={373--398},
  year={2010},
  publisher={New York: Springer}
}

@article{SegerEtAl2015,
  title={Generalization in category learning: the roles of representational and decisional uncertainty},
  author={Seger, Carol A and Braunlich, Kurt and Wehe, Hillary S and Liu, Zhiya},
  journal={The Journal of Neuroscience},
  volume={35},
  number={23},
  pages={8802--8812},
  year={2015},
  publisher={Soc Neuroscience}
}

@article{SegerCincotta2005,
  title={The roles of the caudate nucleus in human classification learning},
  author={Seger, Carol A and Cincotta, Corinna M},
  journal={The Journal of Neuroscience},
  volume={25},
  number={11},
  pages={2941-2951},
  year={2005},
  publisher={Soc Neuroscience}
}

@Article{SegerCincotta2006,
  Title                    = {Dynamics of frontal, striatal, and hippocampal systems during rule learning},
  Author                   = {Seger, Carol A and Cincotta, Corinna M},
  Journal                  = {Cerebral Cortex},
  Year                     = {2006},
  Number                   = {11},
  Pages                    = {1546-1555},
  Volume                   = {16},
  Date-added               = {2014-09-25 02:36:10 +0000},
  Date-modified            = {2014-09-25 02:36:10 +0000},
  Publisher                = {Oxford Univ Press}
}

@Article{SegerCincotta2002,
  Title                    = {Striatal activity in concept learning},
  Author                   = {Seger, Carol A and Cincotta, Corinna M},
  Journal                  = {Cognitive, Affective, \& Behavioral Neuroscience},
  Year                     = {2002},
  Number                   = {2},
  Pages                    = {149-161},
  Volume                   = {2},
  Publisher                = {Springer}
}

@article{SegerMiller2010,
  title={Category learning in the brain},
  author={Seger, Carol A and Miller, Earl K},
  journal={Annual Review of Neuroscience},
  volume={33},
  pages={203-219},
  year={2010},
  publisher={NIH Public Access}
}

@article{SegerEtAl2010,
  title={Dissociating the contributions of independent corticostriatal systems to visual categorization learning through the use of reinforcement learning modeling and Granger causality modeling},
  author={Seger, Carol A and Peterson, Erik J and Cincotta, Corinna M and Lopez-Paniagua, Dan and Anderson, Charles W},
  journal={{NeuroImage}},
  volume={50},
  number={2},
  pages={644--656},
  year={2010},
  publisher={Elsevier}
}

@incollection{SegevFleshmanBurke1989,
  title={Compartmental models of complex neurons},
  author={Segev, Idan and Fleshman, James W and Burke, Robert E},
  booktitle={Methods in neuronal modeling},
  editor={Koch, C and Segev, I},
  pages={63--96},
  year={1989},
  publisher={Cambridge, MA: MIT Press}
}

@article{SesackGrace2010,
  title={Cortico-basal ganglia reward network: microcircuitry},
  author={Sesack, Susan R and Grace, Anthony A},
  journal={Neuropsychopharmacology},
  volume={35},
  number={1},
  pages={27--47},
  year={2010},
  publisher={Nature Publishing Group}
}

@article{ShadlenNewsome2001,
  title={Neural basis of a perceptual decision in the parietal cortex (area LIP) of the rhesus monkey},
  author={Shadlen, Michael N and Newsome, William T},
  journal={Journal of Neurophysiology},
  volume={86},
  number={4},
  pages={1916--1936},
  year={2001},
  publisher={Am Physiological Soc}
}

@article{ShiffrinSchneider1977,
  title={Controlled and automatic human information processing: II. Perceptual learning, automatic attending and a general theory},
  author={Shiffrin, Richard M and Schneider, Walter},
  journal={Psychological Review},
  volume={84},
  number={2},
  pages={127-190},
  year={1977},
  publisher={American Psychological Association}
}

@article{SjostromEtAl2008,
  title={Dendritic excitability and synaptic plasticity},
  author={Sj{\"o}str{\"o}m, P Jesper and Rancz, Ede A and Roth, Arnd and H{\"a}usser, Michael},
  journal={Physiological Reviews},
  volume={88},
  number={2},
  pages={769--840},
  year={2008},
  publisher={Am Physiological Soc}
}

@Article{Skinner1948,
  Title                    = {{'Superstition'} in the pigeon},
  Author                   = {Skinner, B F},
  Journal                  = {Journal of Experimental Psychology},
  Year                     = {1948},
  Number                   = {2},
  Pages                    = {168--172},
  Volume                   = {38},
  Publisher                = {American Psychological Association}
}

@Article{Sloman1996,
  Title                    = {The empirical case for two systems of reasoning},
  Author                   = {Sloman, Steven A},
  Journal                  = {Psychological Bulletin},
  Year                     = {1996},
  Number                   = {1},
  Pages                    = {3-22},
  Volume                   = {119},
  Publisher                = {American Psychological Association}
}

@Article{SmithPigeons2011,
  Title                    = {Pigeonsâ€™ categorization may be exclusively nonanalytic},
  Author                   = {Smith, J David and Ashby, F Gregory and Berg, Mark E and Murphy, Matthew S and Spiering, Brian and Cook, Robert G and Grace, Randolph C},
  Journal                  = {Psychonomic Bulletin \& Review},
  Year                     = {2011},
  Number                   = {2},
  Pages                    = {414-421},
  Volume                   = {18},
  Publisher                = {Springer}
}

@Article{SmithEtAlAshbyl2010,
  Title                    = {Implicit and explicit category learning by macaques (Macaca mulatta) and humans (Homo sapiens)},
  Author                   = {J. David Smith and M. J. Beran and M. J. Crossley and J. T. Boomer and F. G. Ashby},
  Journal                  = {Journal of Experimental Psychology: Animal Behavior Processes},
  Year                     = {2010},
  Pages                    = {54-65},
  Volume                   = {36}
}

@Article{SmithEtAlinpress,
  Title                    = {Generalization of category knowledge and dimensional categorization in humans (Homo sapiens) and nonhuman primates (Macaca mulatta)},
  Author                   = {Smith, J David and Zakrzewski, A and Johnston, J J R and Roeder, J and Boomer, J and Ashby, F G and Church, B A},
  Journal                  = {Journal of Experimental Psychology: Animal Behavior Processes},
  Year                     = {2015},
  Pages                    = {in press},
  Volume                   = 
}

@article{SmithRatcliff2004,
  title={Psychology and neurobiology of simple decisions},
  author={Smith, Philip L and Ratcliff, Roger},
  journal={Trends in Neurosciences},
  volume={27},
  number={3},
  pages={161--168},
  year={2004},
  publisher={Elsevier}
}

@article{SmithEtAl2013,
  title={Resting-state fMRI in the human connectome project},
  author={Smith, Stephen M and Beckmann, Christian F and Andersson, Jesper and Auerbach, Edward J and Bijsterbosch, Janine and Douaud, Gwena{\"e}lle and Duff, Eugene and Feinberg, David A and Griffanti, Ludovica and Harms, Michael P and others},
  journal={{NeuroImage}},
  volume={80},
  pages={144--168},
  year={2013},
  publisher={Elsevier}
}

@article{SotoEtAl2013,
  title={Brain activity across the development of automatic categorization: {A} comparison of categorization tasks using multi-voxel pattern analysis},
  author={Soto, Fabian A and Waldschmidt, Jennifer G and Helie, Sebastien and Ashby, F Gregory},
  journal={NeuroImage},
  volume={71},
  pages={284--297},
  year={2013},
  publisher={Elsevier}
}

@article{SotoEtAl2016,
  title={Dissociable changes in functional network topology underlie early category learning and development of automaticity},
  author={Soto, Fabian A and Bassett, D S and Ashby, F Gregory},
  journal={NeuroImage},
 % volume={},
  %pages={},
  year={in press},
  publisher={Elsevier}
}

@Article{SpieringAshby2008,
  Title                    = {Response processes in information--integration category learning},
  Author                   = {Spiering, Brian J and Ashby, F Gregory},
  Journal                  = {Neurobiology of Learning and Memory},
  Year                     = {2008},
  Number                   = {2},
  Pages                    = {330-338},
  Volume                   = {90},
  Publisher                = {Elsevier}
}

@Article{Squire2004,
  Title                    = {Memory systems of the brain: {A} brief history and current perspective},
  Author                   = {Squire, Larry R},
  Journal                  = {Neurobiology of Learning and Memory},
  Year                     = {2004},
  Number                   = {3},
  Pages                    = {171--177},
  Volume                   = {82},
  Publisher                = {Elsevier}
}

@book{StantonBramhamScharfman2006,
  title={Synaptic plasticity and transsynaptic signaling},
  author={Stanton, Patric K and Bramham, Clive and Scharfman, Helen E},
  year={2006},
  publisher={New York: Springer Science \& Business Media}
}

@Article{StantonNosofsky2007,
  Title                    = {Feedback interference and dissociations of classification: Evidence against the multiple-learning-systems hypothesis},
  Author                   = {Stanton, Roger D and Nosofsky, Robert M},
  Journal                  = {Memory \& Cognition},
  Year                     = {2007},
  Number                   = {7},
  Pages                    = {1747-1758},
  Volume                   = {35},
  Publisher                = {Springer}
}

@article{Stern2010,
  title={Updating beliefs for a decision: neural correlates of uncertainty and underconfidence},
  author={Stern, Emily R and Gonzalez, Richard and Welsh, Robert C and Taylor, Stephan F},
  journal={The Journal of Neuroscience},
  volume={30},
  number={23},
  pages={8032--8041},
  year={2010},
  publisher={Soc Neuroscience}
}

@book{Strogatz2014,
  title={Nonlinear dynamics and chaos: {With} applications to physics, biology, chemistry, and engineering},
  author={Strogatz, Steven H},
  year={2014},
  publisher={Reading, MA: Addison-Wesley}
}

@article{Stuber2016,
  title={Lateral hypothalamic circuits for feeding and reward},
  author={Stuber, Garret D and Wise, Roy A},
  journal={Nature neuroscience},
  volume={19},
  number={2},
  pages={198--205},
  year={2016},
  publisher={Nature Publishing Group}
}

@article{SunMerrillPeterson2001,
  title={From implicit skills to explicit knowledge: A bottom-up model of skill learning},
  author={Sun, Ron and Merrill, Edward and Peterson, Todd},
  journal={Cognitive Science},
  volume={25},
  number={2},
  pages={203-244},
  year={2001},
  publisher={Elsevier}
}

@book{SuttonBarto1998,
  title={Reinforcement learning: An introduction},
  author={Sutton, Richard S and Barto, Andrew G},
   Address={Cambridge, MA},
  year={1998},
  publisher={MIT Press}
}

@article{Takahashi2011,
  title={Expectancy-related changes in firing of dopamine neurons depend on orbitofrontal cortex},
  author={Takahashi, Yuji K and Roesch, Matthew R and Wilson, Robert C and Toreson, Kathy and O'Donnell, Patricio and Niv, Yael and Schoenbaum, Geoffrey},
  journal={Nature neuroscience},
  volume={14},
  number={12},
  pages={1590--1597},
  year={2011},
  publisher={Nature Publishing Group}
}

@article{Takahashi2016,
  title={Temporal Specificity of Reward Prediction Errors Signaled by Putative Dopamine Neurons in Rat VTA Depends on Ventral Striatum},
  author={Takahashi, Yuji K and Langdon, Angela J and Niv, Yael and Schoenbaum, Geoffrey},
  journal={Neuron},
  year={2016},
  publisher={Elsevier}
}

@article{Tan2008,
  title={A local circuit model of learned striatal and dopamine cell responses under probabilistic schedules of reward},
  author={Tan, Can Ozan and Bullock, Daniel},
  journal={The Journal of Neuroscience},
  volume={28},
  number={40},
  pages={10062--10074},
  year={2008},
  publisher={Soc Neuroscience}
}

@article{Tanaka2008,
  title={Calculating consequences: brain systems that encode the causal effects of actions},
  author={Tanaka, Saori C and Balleine, Bernard W and O'Doherty, John P},
  journal={The Journal of Neuroscience},
  volume={28},
  number={26},
  pages={6750--6755},
  year={2008},
  publisher={Soc Neuroscience}
}

@article{TianUchida2015,
  title={Habenula lesions reveal that multiple mechanisms underlie dopamine prediction errors},
  author={Tian, Ju and Uchida, Naoshige},
  journal={Neuron},
  volume={87},
  number={6},
  pages={1304--1316},
  year={2015},
  publisher={Elsevier}
}

@article{TobiaGlascherSommer2016,
  title={Context-specific behavioral surprise is differentially correlated with activity in anterior and posterior brain systems},
  author={Tobia, Michael J and Gl{\"a}scher, Jan and Sommer, Tobias},
  journal={NeuroReport},
  volume={27},
  number={9},
  pages={677--682},
  year={2016},
  publisher={LWW}
}

@article{ToblerDickinsonSchultz2003,
  title={Coding of predicted reward omission by dopamine neurons in a conditioned inhibition paradigm},
  author={Tobler, Philippe N and Dickinson, Anthony and Schultz, Wolfram},
  journal={The Journal of Neuroscience},
  volume={23},
  number={32},
  pages={10402--10410},
  year={2003},
  publisher={Soc Neuroscience}
}

@book{TownsendAshby1983,
  title={Stochastic modeling of elementary psychological processes},
  author={Townsend, James T and Ashby, F Gregory},
  year={1983},
  publisher={New York: Cambridge University Press}
}

@article{Trabasso1963,
  title={Stimulus emphasis and all-or-none learning in concept identification},
  author={Trabasso, Thomas R},
  journal={Journal of Experimental Psychology},
  volume={65},
  number={4},
  pages={398-406},
  year={1963},
  publisher={American Psychological Association}
}

@article{TrabassoBower1966,
  title={Presolution dimensional shifts in concept identification: A test of the sampling with replacement axiom in all-or-none models},
  author={Trabasso, Tom and Bower, Gordon},
  journal={Journal of Mathematical Psychology},
  volume={3},
  number={1},
  pages={163-173},
  year={1966},
  publisher={Elsevier}
}

@Article{treutwein1989perceptual,
  Title                    = {Perceptual spatial frequency---orientation surface: psychophysics and line element theory},
  Author                   = {Treutwein, Bernhard and Rentschler, I and Caelli, T},
  Journal                  = {Biological Cybernetics},
  Year                     = {1989},
  Number                   = {4},
  Pages                    = {285-295},
  Volume                   = {60},
  Publisher                = {Springer}
}

@Book{tulving2000oxford,
  Title                    = {The Oxford handbook of memory},
  Author                   = {Tulving, Endel and Craik, Fergus IM},
  Publisher                = {Oxford University Press},
  Year                     = {2000},
  Date-added               = {2014-09-25 02:35:50 +0000},
  Date-modified            = {2014-09-25 02:35:50 +0000}
}

@article{UsherMcClelland2001,
  title={The time course of perceptual choice: The leaky, competing accumulator model.},
  author={Usher, Marius and McClelland, James L},
  journal={Psychological Review},
  volume={108},
  number={3},
  pages={550--592},
  year={2001},
  publisher={American Psychological Association}
}

@Article{ValentinMaddoxAshby2014,
  Title                    = {A computational model of the temporal dynamics of plasticity in procedural learning: Sensitivity to feedback timing},
  Author                   = {Valentin, Vivian V. and Maddox, W. Todd and Ashby, F. Gregory},
  Journal                  = {Frontiers in Psychology},
  Year                     = {2014},
  Number                   = {643},
  Volume                   = {5},
  Bdsk-url-1               = {http://dx.doi.org/10.3389/fpsyg.2014.00643},
  Doi                      = {10.3389/fpsyg.2014.00643},
  ISSN                     = {1664-1078}
}

@Article{ValentinMaddoxAshby2016,
  Title                    = {Dopamine dependence in aggregate feedback learning: A computational cognitive neuroscience approach},
  Author                   = {Valentin, Vivian V. and Maddox, W. Todd and Ashby, F. Gregory},
  Journal                  = {Brain \& Cognition},
  Year                     = {in press},
 % Number                   = {643},
 % Volume                   = {5},
}

@article{Valentin2007,
  title={Determining the neural substrates of goal-directed learning in the human brain},
  author={Valentin, Vivian V and Dickinson, Anthony and O'Doherty, John P},
  journal={The Journal of neuroscience},
  volume={27},
  number={15},
  pages={4019--4026},
  year={2007},
  publisher={Soc Neuroscience}
}

@article{Valentin2009,
  title={Overlapping prediction errors in dorsal striatum during instrumental learning with juice and money reward in the human brain},
  author={Valentin, Vivian V and O'Doherty, John P},
  journal={Journal of neurophysiology},
  volume={102},
  number={6},
  pages={3384--3391},
  year={2009},
  publisher={Am Physiological Soc}
}

@article{VanZandtColoniusProctor2000,
  title={A comparison of two response time models applied to perceptual matching},
  author={Van Zandt, Trisha and Colonius, Hans and Proctor, Robert W},
  journal={Psychonomic Bulletin \& Review},
  volume={7},
  number={2},
  pages={208--256},
  year={2000},
  publisher={Springer}
}

@article{VerweyLammensVanHonk2002,
  title={On the role of the SMA in the discrete sequence production task: A TMS study},
  author={Verwey, Willem B and Lammens, Robin and van Honk, Jack},
  journal={Neuropsychologia},
  volume={40},
  number={8},
  pages={1268--1276},
  year={2002},
  publisher={Elsevier}
}

@article{Vitay2014,
  title={Timing and expectation of reward: a neuro-computational model of the afferents to the ventral tegmental area},
  author={Vitay, Julien and Hamker, Fred H},
 JOURNAL={Frontiers in Neurorobotics},	
 VOLUME={8},
 PAGES={4},     
 year={2014},
 URL={http://journal.frontiersin.org/article/10.3389/fnbot.2014.00004},       
 DOI={10.3389/fnbot.2014.00004},
 ISSN={1662-5218},   
}


@Article{WaldronAshby2001,
  Title                    = {The effects of concurrent task interference on category learning: Evidence for multiple category learning systems},
  Author                   = {Waldron, Elliott M and Ashby, F Gregory},
  Journal                  = {Psychonomic Bulletin \& Review},
  Year                     = {2001},
  Number                   = {1},
  Pages                    = {168--176},
  Volume                   = {8},
  Date-added               = {2014-09-25 02:37:11 +0000},
  Date-modified            = {2014-09-25 02:37:11 +0000},
  Publisher                = {Springer}
}

@Article{WaldschmidtAshby2011,
  Title                    = {Cortical and striatal contributions to automaticity in information-integration categorization},
  Author                   = {Waldschmidt, Jennifer G and Ashby, F Gregory},
  Journal                  = {Neuroimage},
  Year                     = {2011},
  Number                   = {3},
  Pages                    = {1791--1802},
  Volume                   = {56},
  Publisher                = {Elsevier}
}

@article{WallisAndersonMiller2001,
  title={Single neurons in prefrontal cortex encode abstract rules},
  author={Wallis, Jonathan D and Anderson, Kathleen C and Miller, Earl K},
  journal={Nature},
  volume={411},
  number={6840},
  pages={953-956},
  year={2001},
  publisher={Nature Publishing Group}
}

@article{WallisMiller2003,
  title={From rule to response: neuronal processes in the premotor and prefrontal cortex},
  author={Wallis, Jonathan D and Miller, Earl K},
  journal={Journal of neurophysiology},
  volume={90},
  number={3},
  pages={1790-1806},
  year={2003},
  publisher={Am Physiological Soc}
}

@article{Walton2010,
  title={Separable learning systems in the macaque brain and the role of orbitofrontal cortex in contingent learning},
  author={Walton, Mark E and Behrens, Timothy EJ and Buckley, Mark J and Rudebeck, Peter H and Rushworth, Matthew FS},
  journal={Neuron},
  volume={65},
  number={6},
  pages={927--939},
  year={2010},
  publisher={Elsevier}
}

@article{Wang2008,
  title={Decision making in recurrent neuronal circuits},
  author={Wang, Xiao-Jing},
  journal={Neuron},
  volume={60},
  number={2},
  pages={215--234},
  year={2008},
  publisher={Elsevier}
}

@article{Watabe-Uchida2012,
  title={Whole-brain mapping of direct inputs to midbrain dopamine neurons},
  author={Watabe-Uchida, Mitsuko and Zhu, Lisa and Ogawa, Sachie K and Vamanrao, Archana and Uchida, Naoshige},
  journal={Neuron},
  volume={74},
  number={5},
  pages={858--873},
  year={2012},
  publisher={Elsevier}
}

@article{wattenmaker1992relational,
  title={Relational properties and memory-based category construction.},
  author={Wattenmaker, William D},
  journal={Journal of experimental psychology: learning, memory, and cognition},
  volume={18},
  number={5},
  pages={1125},
  year={1992},
  publisher={American Psychological Association}
}

@article{WhiteWise1999,
  title={Rule-dependent neuronal activity in the prefrontal cortex},
  author={White, Ilsun M and Wise, Steven P},
  journal={Experimental brain research},
  volume={126},
  number={3},
  pages={315-335},
  year={1999},
  publisher={Springer}
}

@Book{Wickens1993,
  Title                    = {A theory of the striatum},
  Author                   = {Jeff Wickens},
  Publisher                = {Pergamon Press},
  Year                     = {1993}
}

@book{Wiggins2003,
  title={Introduction to applied nonlinear dynamical systems and chaos},
  author={Wiggins, Stephen},
  volume={2},
  year={2003},
  publisher={New York: Springer Science \& Business Media}
}

@article{Willingham1998,
  title={A neuropsychological theory of motor skill learning},
  author={Willingham, D. B.},
  journal={Psychological Review},
  volume={105},
  pages={558--584},
  year={1998},
  publisher={American Psychological Association}
}

@Article{willingham1989development,
  Title                    = {On the development of procedural knowledge},
  Author                   = {Willingham, Daniel B and Nissen, Mary J and Bullemer, Peter},
  Journal                  = {Journal of Experimental Psychology: Learning, Memory, and Cognition},
  Year                     = {1989},
  Number                   = {6},
  Pages                    = {1047-1060},
  Volume                   = {15},
  Publisher                = {American Psychological Association}
}

@Article{WillinghamButtonSwitch2000,
  Title                    = {Implicit motor sequence learning is represented in response locations},
  Author                   = {Willingham, Daniel B and Wells, Laura A and Farrell, Jeanne M and Stemwedel, Maurine E},
  Journal                  = {Memory \& Cognition},
  Year                     = {2000},
  Number                   = {3},
  Pages                    = {366--375},
  Volume                   = {28},
  Publisher                = {Springer}
}

@Article{Willsetal2006,
  Title                    = {Formation of category representations},
  Author                   = {Wills, AJ and Noury, Malia and Moberly, Nicholas J and Newport, Matthew},
  Journal                  = {Memory \& Cognition},
  Year                     = {2006},
  Number                   = {1},
  Pages                    = {17-27},
  Volume                   = {34},
  Publisher                = {Springer}
}

@article{WilsonCowan1972,
  title={Excitatory and inhibitory interactions in localized populations of model neurons},
  author={Wilson, H. R. and Cowan, J. D.},
  journal={Biophysical Journal},
  volume={12},
  pages={1--24},
  year={1972}
}

@article{WilsonCowan1973,
  title={A mathematical theory of the functional dynamics of nervous tissue},
  author={Wilson, H. R. and Cowan, J. D.},
  journal={Kybernetik},
  volume={13},
  pages={55--80},
  year={1973}
}

@article{WolosinZeithamovaPreston2013,
  title={Distributed hippocampal patterns that discriminate reward context are associated with enhanced associative binding},
  author={Wolosin, Sasha M and Zeithamova, Dagmar and Preston, Alison R},
  journal={Journal of Experimental Psychology: General},
  volume={142},
  number={4},
  pages={1264--1276},
  year={2013},
  publisher={American Psychological Association}
}

@article{WoodsBouton2007,
  title={Occasional reinforced responses during extinction can slow the rate of reacquisition of an operant response},
  author={Woods, Amanda M and Bouton, Mark E},
  journal={Learning and Motivation},
  volume={38},
  number={1},
  pages={56-74},
  year={2007},
  publisher={Elsevier}
}

@Article{Worthyetal2013,
  Title                    = {Feedback and stimulus-offset timing effects in perceptual category learning},
  Author                   = {Worthy, Darrell A and Markman, Arthur B and Maddox, W Todd},
  Journal                  = {Brain and Cognition},
  Year                     = {2013},
  Number                   = {2},
  Pages                    = {283-293},
  Volume                   = {81},
  Publisher                = {Elsevier}
}

@article{YagishitaEtAl2014,
  title={A critical time window for dopamine actions on the structural plasticity of dendritic spines},
  author={Yagishita, Sho and Hayashi-Takagi, Akiko and Ellis-Davies, Graham CR and Urakubo, Hidetoshi and Ishii, Shin and Kasai, Haruo},
  journal={Science},
  volume={345},
  number={6204},
  pages={1616--1620},
  year={2014},
  publisher={American Association for the Advancement of Science}
}

@Article{yin2006role,
  Title                    = {The role of the basal ganglia in habit formation},
  Author                   = {Yin, Henry H and Knowlton, Barbara J},
  Journal                  = {Nature Reviews Neuroscience},
  Year                     = {2006},
  Number                   = {6},
  Pages                    = {464-476},
  Volume                   = {7},
  Date-added               = {2014-09-28 20:37:19 +0000},
  Date-modified            = {2014-09-28 20:37:19 +0000},
  Publisher                = {Nature Publishing Group}
}

@Article{yonelinas2002nature,
  Title                    = {The nature of recollection and familiarity: A review of 30 years of research},
  Author                   = {Yonelinas, Andrew P},
  Journal                  = {Journal of Memory and Language},
  Year                     = {2002},
  Number                   = {3},
  Pages                    = {441-517},
  Volume                   = {46},
  Publisher                = {Elsevier}
}

@Article{zaki2014procedural,
  Title                    = {Procedural memory effects in categorization: Evidence for multiple systems or task complexity?},
  Author                   = {Zaki, Safa R and Kleinschmidt, Dave F},
  Journal                  = {Memory \& Cognition},
  Year                     = {2014},
  Number                   = {3},
  Pages                    = {508-524},
  Volume                   = {42},
  Date-added               = {2014-09-28 20:29:55 +0000},
  Date-modified            = {2014-09-28 20:29:55 +0000},
  Publisher                = {Springer}
}

@Article{zaki2001single,
  Title                    = {A single-system interpretation of dissociations between recognition and categorization in a task involving object-like stimuli},
  Author                   = {Zaki, Safa R and Nosofsky, Robert M},
  Journal                  = {Cognitive, Affective, \& Behavioral Neuroscience},
  Year                     = {2001},
  Number                   = {4},
  Pages                    = {344--359},
  Volume                   = {1},
  Date-added               = {2014-09-28 20:30:54 +0000},
  Date-modified            = {2014-09-28 20:30:54 +0000},
  Publisher                = {Springer}
}

@Article{ZeithamovaMaddox2006,
  Title                    = {Dual-task interference in perceptual category learning},
  Author                   = {Zeithamova, Dagmar and Maddox, W Todd},
  Journal                  = {Memory \& Cognition},
  Year                     = {2006},
  Number                   = {2},
  Pages                    = {387--398},
  Volume                   = {34},
  Date-added               = {2014-09-25 02:37:29 +0000},
  Date-modified            = {2014-09-25 02:37:29 +0000},
  Publisher                = {Springer}
}

@article{ZhangEtAl1998,
  title={A critical window for cooperation and competition among developing retinotectal synapses},
  author={Zhang, Li I and Tao, Huizhong W and Holt, Christine E and Harris, William A and Poo, Mu-Ming},
  journal={Nature},
  volume={395},
  number={6697},
  pages={37--44},
  year={1998},
  publisher={Nature Publishing Group}
}




@article{muhammad_comparison_2006,
	title = {A comparison of abstract rules in the prefrontal cortex, premotor cortex, inferior temporal cortex, and striatum},
	volume = {18},
	url = {http://www.mitpressjournals.org/doi/abs/10.1162/jocn.2006.18.6.974},
	number = {6},
	urldate = {2016-02-10},
	journal = {Journal of cognitive neuroscience},
	author = {Muhammad, Rahmat and Wallis, Jonathan D. and Miller, Earl K.},
	year = {2006},
	pages = {974--989},
	file = {[PDF] from mitpressjournals.org:/Users/crossley/Library/Application Support/Zotero/Profiles/0bcoi60z.default/zotero/storage/WQFHUS3S/Muhammad et al. - 2006 - A comparison of abstract rules in the prefrontal c.pdf:application/pdf;Snapshot:/Users/crossley/Library/Application Support/Zotero/Profiles/0bcoi60z.default/zotero/storage/T3VX9WQG/jocn.2006.18.6.html:text/html}
}

@article{foerde_feedback_2011,
	title = {Feedback timing modulates brain systems for learning in humans},
	volume = {31},
	url = {http://www.jneurosci.org/content/31/37/13157.short},
	number = {37},
	urldate = {2016-02-10},
	journal = {The Journal of Neuroscience},
	author = {Foerde, Karin and Shohamy, Daphna},
	year = {2011},
	pages = {13157--13167},
	file = {[HTML] from jneurosci.org:/Users/crossley/Library/Application Support/Zotero/Profiles/0bcoi60z.default/zotero/storage/FV73MRCJ/13157.html:text/html;Snapshot:/Users/crossley/Library/Application Support/Zotero/Profiles/0bcoi60z.default/zotero/storage/EH88S9PG/13157.html:text/html}
}

@article{maddox_delayed_2003,
	title = {Delayed feedback effects on rule-based and information-integration category learning.},
	volume = {29},
	url = {http://psycnet.apa.org/journals/xlm/29/4/650/},
	number = {4},
	urldate = {2016-02-10},
	journal = {Journal of experimental psychology: learning, memory, and cognition},
	author = {Maddox, W. Todd and Ashby, F. Gregory and Bohil, Corey J.},
	year = {2003},
	pages = {650},
	file = {[PDF] from 128.83.97.10:/Users/crossley/Library/Application Support/Zotero/Profiles/0bcoi60z.default/zotero/storage/SBTIEK3I/Maddox et al. - 2003 - Delayed feedback effects on rule-based and informa.pdf:application/pdf;Snapshot:/Users/crossley/Library/Application Support/Zotero/Profiles/0bcoi60z.default/zotero/storage/GRU3Z7DB/650.html:text/html}
}

@article{crossley_context-dependent_2014,
	title = {Context-dependent savings in procedural category learning},
	volume = {92},
	url = {http://www.sciencedirect.com/science/article/pii/S027826261400147X},
	urldate = {2016-02-10},
	journal = {Brain and cognition},
	author = {Crossley, Matthew J. and Ashby, F. Gregory and Maddox, W. Todd},
	year = {2014},
	pages = {1--10},
	file = {[PDF] from utexas.edu:/Users/crossley/Library/Application Support/Zotero/Profiles/0bcoi60z.default/zotero/storage/USGHCC34/Crossley et al. - 2014 - Context-dependent savings in procedural category l.pdf:application/pdf;Snapshot:/Users/crossley/Library/Application Support/Zotero/Profiles/0bcoi60z.default/zotero/storage/DGE8Q6CW/S027826261400147X.html:text/html}
}

@article{helie_automaticity_2010,
	title = {Automaticity in rule-based and information-integration categorization},
	volume = {72},
	url = {http://link.springer.com/article/10.3758/APP.72.4.1013},
	number = {4},
	urldate = {2016-01-28},
	journal = {Attention, Perception, \& Psychophysics},
	author = {HÃ©lie, SÃ©bastien and Waldschmidt, Jennifer G. and Ashby, F. Gregory},
	year = {2010},
	pages = {1013--1031},
	file = {[PDF] from ucsb.edu:/Users/crossley/Library/Application Support/Zotero/Profiles/0bcoi60z.default/zotero/storage/ID6FEQRS/HÃ©lie et al. - 2010 - Automaticity in rule-based and information-integra.pdf:application/pdf;Snapshot:/Users/crossley/Library/Application Support/Zotero/Profiles/0bcoi60z.default/zotero/storage/UVB7KBME/APP.72.4.html:text/html}
}

@article{filoteo_characterizing_2007,
	title = {Characterizing rule-based category learning deficits in patients with {Parkinson}'s disease},
	volume = {45},
	url = {http://www.sciencedirect.com/science/article/pii/S0028393206002971},
	number = {2},
	urldate = {2016-02-10},
	journal = {Neuropsychologia},
	author = {Filoteo, J. Vincent and Maddox, W. Todd and Ing, A. David and Song, David D.},
	year = {2007},
	pages = {305--320},
	file = {[PDF] from utexas.edu:/Users/crossley/Library/Application Support/Zotero/Profiles/0bcoi60z.default/zotero/storage/G8VITJUE/Filoteo et al. - 2007 - Characterizing rule-based category learning defici.pdf:application/pdf;Snapshot:/Users/crossley/Library/Application Support/Zotero/Profiles/0bcoi60z.default/zotero/storage/983BGH65/S0028393206002971.html:text/html}
}

@article{waldron_effects_2001,
	title = {The effects of concurrent task interference on category learning: {Evidence} for multiple category learning systems},
	volume = {8},
	shorttitle = {The effects of concurrent task interference on category learning},
	url = {http://link.springer.com/article/10.3758/BF03196154},
	number = {1},
	urldate = {2016-02-10},
	journal = {Psychonomic Bulletin \& Review},
	author = {Waldron, Elliott M. and Ashby, F. Gregory},
	year = {2001},
	pages = {168--176},
	file = {Snapshot:/Users/crossley/Library/Application Support/Zotero/Profiles/0bcoi60z.default/zotero/storage/K6KRC8H5/BF03196154.html:text/html}
}

@article{izhikevich_simple_2003,
	title = {Simple model of spiking neurons},
	volume = {14},
	url = {http://www.dis.uniroma1.it/~gori/Sito_GG/Modellistica_files/2003%20Net.pdf},
	number = {6},
	urldate = {2016-02-10},
	journal = {IEEE Transactions on neural networks},
	author = {Izhikevich, Eugene M. and {others}},
	year = {2003},
	pages = {1569--1572},
	file = {[PDF] from uniroma1.it:/Users/crossley/Library/Application Support/Zotero/Profiles/0bcoi60z.default/zotero/storage/GCRCXUAS/Izhikevich and others - 2003 - Simple model of spiking neurons.pdf:application/pdf}
}

@article{ashby_neurobiological_2007,
	title = {A neurobiological theory of automaticity in perceptual categorization.},
	volume = {114},
	url = {http://psycnet.apa.org/psycinfo/2007-10421-004},
	number = {3},
	urldate = {2016-01-28},
	journal = {Psychological review},
	author = {Ashby, F. Gregory and Ennis, John M. and Spiering, Brian J.},
	year = {2007},
	pages = {632},
	file = {[PDF] from ucsb.edu:/Users/crossley/Library/Application Support/Zotero/Profiles/0bcoi60z.default/zotero/storage/377GEBFC/Ashby et al. - 2007 - A neurobiological theory of automaticity in percep.pdf:application/pdf;Snapshot:/Users/crossley/Library/Application Support/Zotero/Profiles/0bcoi60z.default/zotero/storage/4EXHSVD9/2007-10421-004.html:text/html}
}

@article{galea_dissociating_2011,
	title = {Dissociating the roles of the cerebellum and motor cortex during adaptive learning: the motor cortex retains what the cerebellum learns},
	volume = {21},
	shorttitle = {Dissociating the roles of the cerebellum and motor cortex during adaptive learning},
	url = {http://cercor.oxfordjournals.org/content/21/8/1761.short},
	number = {8},
	urldate = {2016-01-28},
	journal = {Cerebral Cortex},
	author = {Galea, Joseph M. and Vazquez, Alejandro and Pasricha, Neel and de Xivry, Jean-Jacques Orban and Celnik, Pablo},
	year = {2011},
	pages = {1761--1770},
	file = {[HTML] from oxfordjournals.org:/Users/crossley/Library/Application Support/Zotero/Profiles/0bcoi60z.default/zotero/storage/CV5ZS44D/1761.html:text/html;Snapshot:/Users/crossley/Library/Application Support/Zotero/Profiles/0bcoi60z.default/zotero/storage/7X295526/1761.html:text/html}
}

@misc{center_for_history_and_new_media_zotero_????,
	title = {Zotero {Quick} {Start} {Guide}},
	url = {http://zotero.org/support/quick_start_guide},
	author = {{Center for History and New Media}},
	annote = {Welcome to Zotero!View the Quick Start Guide to learn how to begin collecting, managing, citing, and sharing your research sources.Thanks for installing Zotero.}
}

@article{ashby_computational_2011,
	title = {A computational model of how cholinergic interneurons protect striatal-dependent learning},
	volume = {23},
	url = {http://www.mitpressjournals.org/doi/abs/10.1162/jocn.2010.21523},
	number = {6},
	urldate = {2016-02-10},
	journal = {Journal of Cognitive Neuroscience},
	author = {Ashby, F. Gregory and Crossley, Matthew J.},
	year = {2011},
	pages = {1549--1566},
	file = {[PDF] from ucsb.edu:/Users/crossley/Library/Application Support/Zotero/Profiles/0bcoi60z.default/zotero/storage/BDRB63MQ/Ashby and Crossley - 2011 - A computational model of how cholinergic interneur.pdf:application/pdf;Snapshot:/Users/crossley/Library/Application Support/Zotero/Profiles/0bcoi60z.default/zotero/storage/9SDAR7A6/jocn.2010.html:text/html}
}

@article{bouton_context_2002,
	title = {Context, ambiguity, and unlearning: sources of relapse after behavioral extinction},
	volume = {52},
	shorttitle = {Context, ambiguity, and unlearning},
	url = {http://www.sciencedirect.com/science/article/pii/S0006322302015469},
	number = {10},
	urldate = {2016-02-10},
	journal = {Biological psychiatry},
	author = {Bouton, Mark E.},
	year = {2002},
	pages = {976--986},
	file = {Snapshot:/Users/crossley/Library/Application Support/Zotero/Profiles/0bcoi60z.default/zotero/storage/CZ47B3KQ/abstract.html:text/html}
}

@article{crossley_erasing_2013,
	title = {Erasing the engram: {The} unlearning of procedural skills.},
	volume = {142},
	shorttitle = {Erasing the engram},
	url = {http://psycnet.apa.org/journals/xge/142/3/710/},
	number = {3},
	urldate = {2016-02-10},
	journal = {Journal of Experimental Psychology: General},
	author = {Crossley, Matthew J. and Ashby, F. Gregory and Maddox, W. Todd},
	year = {2013},
	pages = {710},
	file = {[HTML] from nih.gov:/Users/crossley/Library/Application Support/Zotero/Profiles/0bcoi60z.default/zotero/storage/7HI5KQAN/PMC3543754.html:text/html;Snapshot:/Users/crossley/Library/Application Support/Zotero/Profiles/0bcoi60z.default/zotero/storage/2FDMAVFF/710.html:text/html}
}

@article{worthy_feedback_2013,
	title = {Feedback and stimulus-offset timing effects in perceptual category learning},
	volume = {81},
	url = {http://www.sciencedirect.com/science/article/pii/S0278262612001595},
	number = {2},
	urldate = {2016-02-10},
	journal = {Brain and cognition},
	author = {Worthy, Darrell A. and Markman, Arthur B. and Maddox, W. Todd},
	year = {2013},
	pages = {283--293},
	file = {[HTML] from nih.gov:/Users/crossley/Library/Application Support/Zotero/Profiles/0bcoi60z.default/zotero/storage/U6BDIPKM/PMC3560315.html:text/html;Snapshot:/Users/crossley/Library/Application Support/Zotero/Profiles/0bcoi60z.default/zotero/storage/2JBF58QH/S0278262612001595.html:text/html}
}

@article{ashby_category_2005,
	title = {Category learning and multiple memory systems},
	volume = {9},
	url = {http://www.sciencedirect.com/science/article/pii/S1364661304003158},
	number = {2},
	urldate = {2016-02-10},
	journal = {Trends in cognitive sciences},
	author = {Ashby, F. Gregory and O'Brien, Jeffrey B.},
	year = {2005},
	pages = {83--89},
	file = {[PDF] from psu.edu:/Users/crossley/Library/Application Support/Zotero/Profiles/0bcoi60z.default/zotero/storage/PR89PZ7U/Ashby and O'Brien - 2005 - Category learning and multiple memory systems.pdf:application/pdf;Snapshot:/Users/crossley/Library/Application Support/Zotero/Profiles/0bcoi60z.default/zotero/storage/QHJSP65G/S1364-6613(04)00315-8.html:text/html}
}

@article{ashby_automaticity_2012,
	title = {Automaticity and multiple memory systems},
	volume = {3},
	url = {http://onlinelibrary.wiley.com/doi/10.1002/wcs.1172/full},
	number = {3},
	urldate = {2016-02-10},
	journal = {Wiley Interdisciplinary Reviews: Cognitive Science},
	author = {Ashby, F. Gregory and Crossley, Matthew J.},
	year = {2012},
	pages = {363--376},
	file = {Snapshot:/Users/crossley/Library/Application Support/Zotero/Profiles/0bcoi60z.default/zotero/storage/EAUA4CCA/full.html:text/html}
}

@article{gurney_new_2015,
	title = {A new framework for cortico-striatal plasticity: behavioural theory meets in vitro data at the reinforcement-action interface},
	volume = {13},
	shorttitle = {A new framework for cortico-striatal plasticity},
	url = {http://journals.plos.org/plosbiology/article?id=10.1371/journal.pbio.1002034},
	number = {1},
	urldate = {2016-02-11},
	journal = {PLoS Biol},
	author = {Gurney, Kevin N. and Humphries, Mark D. and Redgrave, Peter},
	year = {2015},
	pages = {e1002034},
	file = {[HTML] from plos.org:/Users/crossley/Library/Application Support/Zotero/Profiles/0bcoi60z.default/zotero/storage/6V74JDT7/article.html:text/html}
}

@article{crossley_procedural_2015,
	title = {Procedural learning during declarative control.},
	url = {http://psycnet.apa.org/psycinfo/2015-10034-001/},
	urldate = {2016-02-10},
	author = {Crossley, Matthew J. and Ashby, F. Gregory},
	year = {2015},
	file = {[PDF] from ucsb.edu:/Users/crossley/Library/Application Support/Zotero/Profiles/0bcoi60z.default/zotero/storage/ND7353WI/Crossley and Ashby - 2015 - Procedural learning during declarative control..pdf:application/pdf;Snapshot:/Users/crossley/Library/Application Support/Zotero/Profiles/0bcoi60z.default/zotero/storage/644R7AAZ/2015-10034-001.html:text/html}
}

@article{filoteo_information-integration_2005,
	title = {Information-integration category learning in patients with striatal dysfunction.},
	volume = {19},
	url = {http://psycnet.apa.org/journals/neu/19/2/212/},
	number = {2},
	urldate = {2016-02-10},
	journal = {Neuropsychology},
	author = {Filoteo, J. Vincent and Maddox, W. Todd and Salmon, David P. and Song, David D.},
	year = {2005},
	pages = {212},
	file = {Snapshot:/Users/crossley/Library/Application Support/Zotero/Profiles/0bcoi60z.default/zotero/storage/T8R8Q5JC/212.html:text/html}
}

@article{waldschmidt_cortical_2011,
	title = {Cortical and striatal contributions to automaticity in information-integration categorization},
	volume = {56},
	url = {http://www.sciencedirect.com/science/article/pii/S1053811911001509},
	number = {3},
	urldate = {2016-02-11},
	journal = {Neuroimage},
	author = {Waldschmidt, Jennifer G. and Ashby, F. Gregory},
	year = {2011},
	pages = {1791--1802},
	file = {[HTML] from nih.gov:/Users/crossley/Library/Application Support/Zotero/Profiles/0bcoi60z.default/zotero/storage/NR4J4A69/PMC3085658.html:text/html;Snapshot:/Users/crossley/Library/Application Support/Zotero/Profiles/0bcoi60z.default/zotero/storage/6K3CZJXZ/S1053811911001509.html:text/html}
}

@article{maddox_category_2010,
	title = {Category label and response location shifts in category learning},
	volume = {74},
	url = {http://link.springer.com/article/10.1007/s00426-009-0245-z},
	number = {2},
	urldate = {2016-02-10},
	journal = {Psychological Research PRPF},
	author = {Maddox, W. Todd and Glass, Brian D. and Oâ€™Brien, Jeffrey B. and Filoteo, J. Vincent and Ashby, F. Gregory},
	year = {2010},
	pages = {219--236},
	file = {[HTML] from springer.com:/Users/crossley/Library/Application Support/Zotero/Profiles/0bcoi60z.default/zotero/storage/NS46B77X/fulltext.html:text/html;Snapshot:/Users/crossley/Library/Application Support/Zotero/Profiles/0bcoi60z.default/zotero/storage/DACCA5VE/s00426-009-0245-z.html:text/html}
}

@article{ashby_procedural_2003,
	title = {Procedural learning in perceptual categorization},
	volume = {31},
	url = {http://link.springer.com/article/10.3758/BF03196132},
	number = {7},
	urldate = {2016-02-10},
	journal = {Memory \& Cognition},
	author = {Ashby, F. Gregory and Ell, Shawn W. and Waldron, Elliott M.},
	year = {2003},
	pages = {1114--1125},
	file = {[PDF] from ucsb.edu:/Users/crossley/Library/Application Support/Zotero/Profiles/0bcoi60z.default/zotero/storage/Z3ST7FMP/Ashby et al. - 2003 - Procedural learning in perceptual categorization.pdf:application/pdf;Snapshot:/Users/crossley/Library/Application Support/Zotero/Profiles/0bcoi60z.default/zotero/storage/R6FJQHHF/BF03196132.html:text/html}
}

@article{squire_memory_2004,
	title = {Memory systems of the brain: a brief history and current perspective},
	volume = {82},
	shorttitle = {Memory systems of the brain},
	url = {http://www.sciencedirect.com/science/article/pii/S1074742704000735},
	number = {3},
	urldate = {2016-02-10},
	journal = {Neurobiology of learning and memory},
	author = {Squire, Larry R.},
	year = {2004},
	pages = {171--177},
	file = {[PDF] from rutgers.edu:/Users/crossley/Library/Application Support/Zotero/Profiles/0bcoi60z.default/zotero/storage/TD72CEX2/Squire - 2004 - Memory systems of the brain a brief history and c.pdf:application/pdf;Snapshot:/Users/crossley/Library/Application Support/Zotero/Profiles/0bcoi60z.default/zotero/storage/NE8VTCF4/S1074742704000735.html:text/html}
}

@article{ashby_neuropsychological_1998,
	title = {A neuropsychological theory of multiple systems in category learning.},
	volume = {105},
	url = {http://psycnet.apa.org/psycinfo/1998-04671-002},
	number = {3},
	urldate = {2016-02-10},
	journal = {Psychological review},
	author = {Ashby, F. Gregory and Alfonso-Reese, Leola A. and {others}},
	year = {1998},
	pages = {442},
	file = {Snapshot:/Users/crossley/Library/Application Support/Zotero/Profiles/0bcoi60z.default/zotero/storage/TVKSUARZ/1998-04671-002.html:text/html}
}

@article{bradfield_thalamostriatal_2013,
	title = {The thalamostriatal pathway and cholinergic control of goal-directed action: interlacing new with existing learning in the striatum.},
	volume = {79},
	shorttitle = {The thalamostriatal pathway and cholinergic control of goal-directed action},
	url = {http://espace.library.uq.edu.au/view/UQ:335709},
	number = {1},
	urldate = {2016-02-10},
	journal = {Neuron},
	author = {Bradfield, Laura A. and Bertran-Gonzalez, Jesus and Chieng, Billy C. and Balleine, Bernard W.},
	year = {2013},
	pages = {153--166},
	file = {Snapshot:/Users/crossley/Library/Application Support/Zotero/Profiles/0bcoi60z.default/zotero/storage/9KDZ3QTP/UQ335709.html:text/html}
}

@book{tulving_oxford_2000,
	title = {The {Oxford} handbook of memory},
	url = {https://books.google.com/books?hl=en&lr=&id=G3sso7FLiV8C&oi=fnd&pg=PR11&dq=Tulving+%5C%26+Craik,+2000+memory&ots=UfxptCceTY&sig=sjIRtZnXBMbQT3d_Dh0NCpyby0s},
	urldate = {2016-02-10},
	publisher = {Oxford: Oxford University Press},
	author = {Tulving, Endel and Craik, Fergus IM},
	year = {2000},
	file = {Snapshot:/Users/crossley/Library/Application Support/Zotero/Profiles/0bcoi60z.default/zotero/storage/KDF3MPTX/books.html:text/html}
}

@book{turner_long-term_2012,
	title = {Long-term retention in the cortical and subcortical procedural category-learning systems},
	url = {http://gradworks.umi.com/35/45/3545135.html},
	urldate = {2016-02-10},
	publisher = {University of California, Santa Barbara},
	author = {Turner, Benjamin Owen},
	year = {2012},
	file = {Snapshot:/Users/crossley/Library/Application Support/Zotero/Profiles/0bcoi60z.default/zotero/storage/2C3KIF78/3545135.html:text/html}
}

@article{krakauer_adaptation_2005,
	title = {Adaptation to visuomotor transformations: consolidation, interference, and forgetting},
	volume = {25},
	shorttitle = {Adaptation to visuomotor transformations},
	url = {http://www.jneurosci.org/content/25/2/473.short},
	number = {2},
	urldate = {2016-02-10},
	journal = {The Journal of neuroscience},
	author = {Krakauer, John W. and Ghez, Claude and Ghilardi, M. Felice},
	year = {2005},
	pages = {473--478},
	file = {[HTML] from jneurosci.org:/Users/crossley/Library/Application Support/Zotero/Profiles/0bcoi60z.default/zotero/storage/8Q8ZSAFI/473.html:text/html;Snapshot:/Users/crossley/Library/Application Support/Zotero/Profiles/0bcoi60z.default/zotero/storage/GWUMDBFT/473.html:text/html}
}

@article{zeithamova_dual-task_2006,
	title = {Dual-task interference in perceptual category learning},
	volume = {34},
	url = {http://link.springer.com/article/10.3758/BF03193416},
	number = {2},
	urldate = {2016-02-10},
	journal = {Memory \& Cognition},
	author = {Zeithamova, Dagmar and Maddox, W. Todd},
	year = {2006},
	pages = {387--398},
	file = {Snapshot:/Users/crossley/Library/Application Support/Zotero/Profiles/0bcoi60z.default/zotero/storage/M55XHCQ3/BF03193416.html:text/html}
}

@article{ashby_tutorial_2011,
	title = {A tutorial on computational cognitive neuroscience: {Modeling} the neurodynamics of cognition},
	volume = {55},
	shorttitle = {A tutorial on computational cognitive neuroscience},
	url = {http://www.sciencedirect.com/science/article/pii/S0022249611000368},
	number = {4},
	urldate = {2016-02-10},
	journal = {Journal of Mathematical Psychology},
	author = {Ashby, F. Gregory and Helie, Sebastien},
	year = {2011},
	pages = {273--289},
	file = {[PDF] from ucsb.edu:/Users/crossley/Library/Application Support/Zotero/Profiles/0bcoi60z.default/zotero/storage/8CFXEAKQ/Ashby and Helie - 2011 - A tutorial on computational cognitive neuroscience.pdf:application/pdf;Snapshot:/Users/crossley/Library/Application Support/Zotero/Profiles/0bcoi60z.default/zotero/storage/4I9TAA4E/S0022249611000368.html:text/html}
}

@article{eichenbaum_hippocampus_2001,
	title = {The hippocampus and declarative memory: cognitive mechanisms and neural codes},
	volume = {127},
	shorttitle = {The hippocampus and declarative memory},
	url = {http://www.sciencedirect.com/science/article/pii/S0166432801003655},
	number = {1},
	urldate = {2016-02-10},
	journal = {Behavioural brain research},
	author = {Eichenbaum, Howard},
	year = {2001},
	pages = {199--207},
	file = {Snapshot:/Users/crossley/Library/Application Support/Zotero/Profiles/0bcoi60z.default/zotero/storage/64E6CJQU/S0166432801003655.html:text/html}
}

@article{knowlton_neostriatal_1996,
	title = {A neostriatal habit learning system in humans},
	volume = {273},
	url = {http://science.sciencemag.org/content/273/5280/1399.short},
	number = {5280},
	urldate = {2016-02-10},
	journal = {Science},
	author = {Knowlton, Barbara J. and Mangels, Jennifer A. and Squire, Larry R.},
	year = {1996},
	pages = {1399--1402},
	file = {[PDF] from rutgers.edu:/Users/crossley/Library/Application Support/Zotero/Profiles/0bcoi60z.default/zotero/storage/WBGMJXRQ/Knowlton et al. - 1996 - A neostriatal habit learning system in humans.pdf:application/pdf;Snapshot:/Users/crossley/Library/Application Support/Zotero/Profiles/0bcoi60z.default/zotero/storage/Q9N9FRDP/1399.html:text/html}
}

@article{cantwell_multiple_2015,
	title = {Multiple stages of learning in perceptual categorization: evidence and neurocomputational theory},
	volume = {22},
	shorttitle = {Multiple stages of learning in perceptual categorization},
	url = {http://link.springer.com/article/10.3758/s13423-015-0827-2},
	number = {6},
	urldate = {2016-02-10},
	journal = {Psychonomic bulletin \& review},
	author = {Cantwell, George and Crossley, Matthew J. and Ashby, F. Gregory},
	year = {2015},
	pages = {1598--1613},
	file = {[PDF] from researchgate.net:/Users/crossley/Library/Application Support/Zotero/Profiles/0bcoi60z.default/zotero/storage/ETKUDGPA/Cantwell et al. - 2015 - Multiple stages of learning in perceptual categori.pdf:application/pdf;Snapshot:/Users/crossley/Library/Application Support/Zotero/Profiles/0bcoi60z.default/zotero/storage/9KPZS8BB/s13423-015-0827-2.html:text/html}
}

@article{soto_brain_2013,
	title = {Brain activity across the development of automatic categorization: {A} comparison of categorization tasks using multi-voxel pattern analysis},
	volume = {71},
	shorttitle = {Brain activity across the development of automatic categorization},
	url = {http://www.sciencedirect.com/science/article/pii/S1053811913000396},
	urldate = {2016-02-11},
	journal = {NeuroImage},
	author = {Soto, Fabian A. and Waldschmidt, Jennifer G. and Helie, Sebastien and Ashby, F. Gregory},
	year = {2013},
	pages = {284--297},
	file = {[HTML] from nih.gov:/Users/crossley/Library/Application Support/Zotero/Profiles/0bcoi60z.default/zotero/storage/N7R3PEU8/PMC3628777.html:text/html;Snapshot:/Users/crossley/Library/Application Support/Zotero/Profiles/0bcoi60z.default/zotero/storage/UW7H7JGI/S1053811913000396.html:text/html}
}

@article{maddox_disrupting_2004,
	title = {Disrupting feedback processing interferes with rule-based but not information-integration category learning},
	volume = {32},
	url = {http://link.springer.com/article/10.3758/BF03195849},
	number = {4},
	urldate = {2016-02-10},
	journal = {Memory \& cognition},
	author = {Maddox, W. Todd and Ashby, F. Gregory and Ing, A. David and Pickering, Alan D.},
	year = {2004},
	pages = {582--591},
	file = {[PDF] from utexas.edu:/Users/crossley/Library/Application Support/Zotero/Profiles/0bcoi60z.default/zotero/storage/J55NMDB6/Maddox et al. - 2004 - Disrupting feedback processing interferes with rul.pdf:application/pdf;Snapshot:/Users/crossley/Library/Application Support/Zotero/Profiles/0bcoi60z.default/zotero/storage/EMWNKMRS/BF03195849.html:text/html}
}

@article{maddox_disrupting_2004-1,
	title = {Disrupting feedback processing interferes with rule-based but not information-integration category learning},
	volume = {32},
	url = {http://link.springer.com/article/10.3758/BF03195849},
	number = {4},
	urldate = {2016-02-10},
	journal = {Memory \& cognition},
	author = {Maddox, W. Todd and Ashby, F. Gregory and Ing, A. David and Pickering, Alan D.},
	year = {2004},
	pages = {582--591},
	file = {[PDF] from utexas.edu:/Users/crossley/Library/Application Support/Zotero/Profiles/0bcoi60z.default/zotero/storage/X3MVFG72/Maddox et al. - 2004 - Disrupting feedback processing interferes with rul.pdf:application/pdf;Snapshot:/Users/crossley/Library/Application Support/Zotero/Profiles/0bcoi60z.default/zotero/storage/Z7CN3SWK/BF03195849.html:text/html}
}

@article{crossley_expanding_2016,
	title = {Expanding the role of striatal cholinergic interneurons and the midbrain dopamine system in appetitive instrumental conditioning},
	volume = {115},
	url = {http://jn.physiology.org/content/115/1/240.abstract},
	number = {1},
	urldate = {2016-02-10},
	journal = {Journal of neurophysiology},
	author = {Crossley, Matthew J. and Horvitz, Jon C. and Balsam, Peter D. and Ashby, F. Gregory},
	year = {2016},
	pages = {240--254},
	file = {Snapshot:/Users/crossley/Library/Application Support/Zotero/Profiles/0bcoi60z.default/zotero/storage/G62F42BN/240.html:text/html}
}

@article{waldschmidt_cortical_2011-1,
	title = {Cortical and striatal contributions to automaticity in information-integration categorization},
	volume = {56},
	url = {http://www.sciencedirect.com/science/article/pii/S1053811911001509},
	number = {3},
	urldate = {2016-01-28},
	journal = {Neuroimage},
	author = {Waldschmidt, Jennifer G. and Ashby, F. Gregory},
	year = {2011},
	pages = {1791--1802},
	file = {[HTML] from nih.gov:/Users/crossley/Library/Application Support/Zotero/Profiles/0bcoi60z.default/zotero/storage/V4BKDQ2T/PMC3085658.html:text/html;Snapshot:/Users/crossley/Library/Application Support/Zotero/Profiles/0bcoi60z.default/zotero/storage/CZERMPID/S1053811911001509.html:text/html}
}

@article{brown_internal_1988,
	title = {Internal versus external cues and the control of attention in {Parkinson}'s disease},
	volume = {111},
	url = {http://brain.oxfordjournals.org/content/111/2/323.short},
	number = {2},
	urldate = {2016-02-10},
	journal = {Brain},
	author = {Brown, R. G. and Marsden, C. D.},
	year = {1988},
	pages = {323--345},
	file = {Snapshot:/Users/crossley/Library/Application Support/Zotero/Profiles/0bcoi60z.default/zotero/storage/45BCJRUB/323.html:text/html}
}

@article{ashby_role_2006,
	title = {The role of the basal ganglia in category learning},
	volume = {46},
	url = {https://books.google.com/books?hl=en&lr=&id=tS3JKgJ50NoC&oi=fnd&pg=PA1&dq=ashby+2006+role&ots=m0qswRDTis&sig=ieX3WYsNmnnnyp3noseJYuyBZS0},
	urldate = {2016-02-10},
	journal = {Psychology of Learning and Motivation},
	author = {Ashby, F. Gregory and Ennis, John M.},
	year = {2006},
	pages = {1},
	file = {Snapshot:/Users/crossley/Library/Application Support/Zotero/Profiles/0bcoi60z.default/zotero/storage/7M4FAC7B/books.html:text/html}
}

@article{doya_complementary_2000,
	title = {Complementary roles of basal ganglia and cerebellum in learning and motor control},
	volume = {10},
	url = {http://www.sciencedirect.com/science/article/pii/S0959438800001537},
	number = {6},
	urldate = {2016-01-29},
	journal = {Current opinion in neurobiology},
	author = {Doya, Kenji},
	year = {2000},
	pages = {732--739},
	file = {[PDF] from jsmf.org:/Users/crossley/Library/Application Support/Zotero/Profiles/0bcoi60z.default/zotero/storage/DZFUURQT/Doya - 2000 - Complementary roles of basal ganglia and cerebellu.pdf:application/pdf;Snapshot:/Users/crossley/Library/Application Support/Zotero/Profiles/0bcoi60z.default/zotero/storage/223PRFQN/S0959438800001537.html:text/html}
}

@article{horne_heterocyclic_2004,
	title = {Heterocyclic peptide backbone modifications in an Î±-helical coiled coil},
	volume = {126},
	url = {http://pubs.acs.org/doi/abs/10.1021/ja0450408},
	number = {47},
	urldate = {2016-01-28},
	journal = {Journal of the American Chemical Society},
	author = {Horne, W. Seth and Yadav, Maneesh K. and Stout, C. David and Ghadiri, M. Reza},
	year = {2004},
	pages = {15366--15367},
	file = {[HTML] from nih.gov:/Users/crossley/Library/Application Support/Zotero/Profiles/0bcoi60z.default/zotero/storage/W3ZV9XRB/PMC1868409.html:text/html;Snapshot:/Users/crossley/Library/Application Support/Zotero/Profiles/0bcoi60z.default/zotero/storage/GIVX4SUJ/ja0450408.html:text/html}
}

@article{nomura_neural_2007,
	title = {Neural correlates of rule-based and information-integration visual category learning},
	volume = {17},
	url = {http://cercor.oxfordjournals.org/content/17/1/37.short},
	number = {1},
	urldate = {2016-02-10},
	journal = {Cerebral Cortex},
	author = {Nomura, E. M. and Maddox, W. T. and Filoteo, J. V. and Ing, A. D. and Gitelman, D. R. and Parrish, T. B. and Mesulam, M. M. and Reber, P. J.},
	year = {2007},
	pages = {37--43},
	file = {[HTML] from oxfordjournals.org:/Users/crossley/Library/Application Support/Zotero/Profiles/0bcoi60z.default/zotero/storage/J2JJ5CNX/37.html:text/html;Snapshot:/Users/crossley/Library/Application Support/Zotero/Profiles/0bcoi60z.default/zotero/storage/H75U7X8G/37.html:text/html}
}

@article{ashby_human_2011,
	title = {Human category learning 2.0},
	volume = {1224},
	url = {http://onlinelibrary.wiley.com/doi/10.1111/j.1749-6632.2010.05874.x/full},
	number = {1},
	urldate = {2016-02-10},
	journal = {Annals of the New York Academy of Sciences},
	author = {Ashby, F. Gregory and Maddox, W. Todd},
	year = {2011},
	pages = {147--161},
	file = {[HTML] from nih.gov:/Users/crossley/Library/Application Support/Zotero/Profiles/0bcoi60z.default/zotero/storage/C3A5FMHP/PMC3076539.html:text/html;Snapshot:/Users/crossley/Library/Application Support/Zotero/Profiles/0bcoi60z.default/zotero/storage/AMK9GM2H/full.html:text/html}
}

@article{helie_automaticity_2010-1,
	title = {Automaticity in rule-based and information-integration categorization},
	volume = {72},
	url = {http://link.springer.com/article/10.3758/APP.72.4.1013},
	number = {4},
	urldate = {2016-02-10},
	journal = {Attention, Perception, \& Psychophysics},
	author = {HÃ©lie, SÃ©bastien and Waldschmidt, Jennifer G. and Ashby, F. Gregory},
	year = {2010},
	pages = {1013--1031},
	file = {[PDF] from ucsb.edu:/Users/crossley/Library/Application Support/Zotero/Profiles/0bcoi60z.default/zotero/storage/MZUHP6CE/HÃ©lie et al. - 2010 - Automaticity in rule-based and information-integra.pdf:application/pdf;Snapshot:/Users/crossley/Library/Application Support/Zotero/Profiles/0bcoi60z.default/zotero/storage/RP3Q6I84/APP.72.4.html:text/html}
}

@article{seger_dynamics_2006,
	title = {Dynamics of frontal, striatal, and hippocampal systems during rule learning},
	volume = {16},
	url = {https://cercor.oxfordjournals.org/content/16/11/1546.full},
	number = {11},
	urldate = {2016-02-10},
	journal = {Cerebral cortex},
	author = {Seger, Carol A. and Cincotta, Corinna M.},
	year = {2006},
	pages = {1546--1555},
	file = {[HTML] from oxfordjournals.org:/Users/crossley/Library/Application Support/Zotero/Profiles/0bcoi60z.default/zotero/storage/P6SCKZHQ/1546.html:text/html}
}

@article{ermentrout_type_1996,
	title = {Type {I} membranes, phase resetting curves, and synchrony},
	volume = {8},
	url = {http://www.mitpressjournals.org/doi/abs/10.1162/neco.1996.8.5.979},
	number = {5},
	urldate = {2016-02-10},
	journal = {Neural computation},
	author = {Ermentrout, Bard},
	year = {1996},
	pages = {979--1001},
	file = {[PDF] from psu.edu:/Users/crossley/Library/Application Support/Zotero/Profiles/0bcoi60z.default/zotero/storage/VZ5PEPB7/Ermentrout - 1996 - Type I membranes, phase resetting curves, and sync.pdf:application/pdf;Snapshot:/Users/crossley/Library/Application Support/Zotero/Profiles/0bcoi60z.default/zotero/storage/SEB97ZFU/neco.1996.8.5.html:text/html}
}

@article{crossley_declarative_2015,
	title = {Declarative strategies persist under increased cognitive load},
	url = {http://link.springer.com/article/10.3758/s13423-015-0867-7},
	urldate = {2016-02-10},
	journal = {Psychonomic bulletin \& review},
	author = {Crossley, Matthew J. and Paul, Erick J. and Roeder, Jessica L. and Ashby, F. Gregory},
	year = {2015},
	pages = {1--10},
	file = {Snapshot:/Users/crossley/Library/Application Support/Zotero/Profiles/0bcoi60z.default/zotero/storage/KH5J89NU/s13423-015-0867-7.html:text/html}
}

@article{ashby_human_2005,
	title = {Human category learning},
	volume = {56},
	url = {http://www.annualreviews.org/doi/abs/10.1146/annurev.psych.56.091103.070217},
	urldate = {2016-02-10},
	journal = {Annu. Rev. Psychol.},
	author = {Ashby, F. Gregory and Maddox, W. Todd},
	year = {2005},
	pages = {149--178},
	file = {[HTML] from annualreviews.org:/Users/crossley/Library/Application Support/Zotero/Profiles/0bcoi60z.default/zotero/storage/6PX5REHV/annurev.psych.56.091103.html:text/html;Snapshot:/Users/crossley/Library/Application Support/Zotero/Profiles/0bcoi60z.default/zotero/storage/6E3SB59H/annurev.psych.56.091103.html:text/html}
}

@article{desmurget_motor_2010,
	title = {Motor sequences and the basal ganglia: kinematics, not habits},
	volume = {30},
	shorttitle = {Motor sequences and the basal ganglia},
	url = {http://www.jneurosci.org/content/30/22/7685.short},
	number = {22},
	urldate = {2016-01-28},
	journal = {The Journal of Neuroscience},
	author = {Desmurget, Michel and Turner, Robert S.},
	year = {2010},
	pages = {7685--7690},
	file = {[HTML] from jneurosci.org:/Users/crossley/Library/Application Support/Zotero/Profiles/0bcoi60z.default/zotero/storage/RMW6SEW9/7685.html:text/html;Snapshot:/Users/crossley/Library/Application Support/Zotero/Profiles/0bcoi60z.default/zotero/storage/NUR6PFWC/7685.html:text/html}
}
